2125 3784
248 394 635 464 nnArrrcvanrn.
648 393 736 463 XII.
770 395 819 486 69

135 511 202 570 Kal.
219 507 276 570 effe
295 524 461 569 venturum.
484 506 816 588 Tuistoccupationibus

134 589 257 671 ignosco
271 609 280 660 ;
299 608 404 668 eaeque¹
416 588 489 648 mihi
506 587 568 647 sunt
588 606 685 649 notae:
704 587 742 647 de
759 609 819 650 vo·

136 671 248 731 luntate
266 685 313 728 tua
326 685 357 727 ut
369 669 452 733 simul
466 670 574 742 simus,
589 669 639 729 vel
652 667 746 728 studio
759 689 818 747 po·

136 750 193 806 tilis
212 747 244 806 &
263 747 436 828 cupiditate,
455 769 515 808 non
539 748 650 809 dubito.
670 747 720 808 De
733 747 818 816 Nicia

137 827 220 908 quod
236 826 349 898 scribis,
370 833 393 889 si
411 833 450 888 ita
468 849 517 889 me
531 829 669 889 haberem
682 843 739 902 ,‚ut
754 825 816 905 ejus

137 908 311 970 humanitate
328 907 383 968 frui
398 908 532 989 pollent,
550 911 580 968 in
596 909 697 989 primie'
709 908 817 969 vellem

135 988 217 1048 illum
237 991 356 1050 mecum
379 989 486 1051 habere
504 1009 514 1062 ;
533 988 584 1050 sed
603 989 673 1049 mihi
695 987 819 1047 solitudo

135 1069 168 1128 &
181 1067 302 1130 recellus
319 1071 470 1150 provincia
484 1068 525 1130 est
536 1069 640 1150 :quod
654 1071 720 1148 quia
730 1067 821 1131 facile

134 1147 247 1210 ferebat
274 1148 368 1222 Sica,
391 1152 429 1210 eb
453 1151 543 1230 magis
569 1151 650 1213 illum
673 1149 819 1213 desidero.

135 1227 280 1296 Praeterea
304 1228 378 1294 nosti
406 1228 495 1288 Niciae
520 1228 606 1288 nostri
633 1229 820 1290 imbecillita-

134 1327 197 1370 tem
214 1355 224 1383 ,
244 1308 397 1368 mollitiam
415 1351 432 1384 ,⁷
446 1309 681 1370 consuetudinem
701 1307 816 1373 villis:

135 1410 187 1449 cur
206 1410 263 1470 ego
285 1389 327 1448 illi
345 1387 481 1449 molestus
498 1383 611 1463 velim,
637 1409 725 1470 quum
749 1387 820 1447 mihi

138 1470 189 1528 ille
206 1468 346 1544 jucundus
362 1466 417 1528 elle
434 1489 494 1528 non
507 1469 618 1548 possit?
632 1471 767 1529 voluntas
780 1485 821 1527 ta·

139 1568 211 1607 men
222 1547 285 1622 eius
298 1548 367 1606 mihi
382 1567 460 1628 grata
472 1548 521 1607 est.
538 1549 637 1607 Unam
648 1569 710 1625 rem
722 1549 758 1607 ad
772 1568 820 1608 me

140 1625 287 1704 scripsisti,
295 1626 330 1683 de
338 1647 394 1703 qua
402 1628 822 1698 decrevinihiltibirescribere3

140 1705 231 1785 spero
242 1706 320 1762 enim
331 1722 378 1762 me
391 1722 444 1763 ate
457 1704 618 1782 impetralle
632 1750 641 1777 ‚
657 1723 690 1765 ut
699 1709 823 1784 privares

140 1805 193 1848 me
202 1781 254 1844 ista
265 1780 406 1843 molestia
416 1782 507 1856 Piliae,
517 1783 553 1842 ⁴&
562 1781 668 1843 Atticae
676 1783 804 1848 salutem,

253 1901 418 1962 Cicrao
444 1898 608 1960 Arrrco
636 1899 722 1962 Sar..

140 1985 261 2101 27.D1
274 2021 382 2083 Siliano
394 2023 535 2103 negotio,
549 2023 604 2080 etsi
620 2022 690 2081 mihi
706 2041 765 2082 non
782 2021 821 2083 est

139 2107 245 2185 ignota·
259 2102 410 2176 conditio,
426 2119 523 2161 tamen
538 2101 688 2163 hodierne
705 2124 742 2163 ex
758 2103 821 2164 Sica

138 2184 261 2244 arbitror
284 2183 383 2242 omnia
404 2185 595 2262 cogniturum.
623 2181 720 2243 Cottae
739 2185 820 2264 qubd

139 2284 229 2346 negas
246 2281 274 2324 te
291 2260 371 2322 nolle
383 2282 392 2334 3
406 2263 479 2321 ultra
493 2261 630 2322 Silianam
647 2265 745 2331 villam
761 2263 819 2338 est,

141 2365 228 2426 quarn
240 2360 322 2482 {uto
344 2343 397 2400 tibi
414 2360 512 2402 notam
530 2341 612 2402 elle:
637 2343 737 2402 villula
756 2343 821 2402 sor-

140 2425 229 2496 dida,
280 2422 367 2489 valde
379 2422 498 2500 pusilla:
514 2422 585 2479 nihil
598 2425 674 2502 agri:
690 2422 821 2491 adaliam

145 2525 206 2564 rem
225 2503 284 2562 loci
299 2501 390 2570 nihil;
407 2499 472 2559 satis
490 2502 526 2559 ad
543 2520 628 2571 eam,
644 2522 729 2581 quam
741 2525 821 2583 quae.

142 2583 198 2644 ro':
219 2581 321 2661 sequor
344 2579 557 2649 celebritatem:
578 2579 645 2655 sed,
664 2585 687 2641 si
708 2583 822 2663 perfici·

141 2685 189 2725 tur
215 2662 253 2722 de
276 2663 364 2730 hortis
389 2659 477 2734 Silii,
498 2662 554 2721 hoc
577 2660 643 2736 est,
664 2665 688 2722 si
707 2661 822 2745 perfiiis

137 2741 214 2883 }est
231 2745 309 2802 enim
321 2757 416 2801 totum
429 2744 556 2821 positum
572 2744 601 2802 in
619 2760 649 2802 te
667 2742 680 2824 )
699 2745 769 2802 nihil
782 2741 823 2801 est

154 2825 274 2897 cilicet,
297 2822 377 2904 quod
403 2821 440 2882 de
463 2819 553 2884 Cotta
575 2827 748 2904 cogitemus.
772 2818 823 2877 De

141 2903 307 2979 Cicerone,
322 2919 355 2966 ut
371 2902 465 2965 scribis
476 2948 486 2978 ,
498 2906 539 2982 ita
549 2902 670 2974 faciam:
681 2904 737 2984 ipsi
752 2917 825 2979 per!
