2125 3784
252 324 313 440 prb
467 359 710 418 Nonum

250 462 369 512 ditionem
395 457 487 510 Cicero
511 469 586 510 vocat
608 458 716 526 regiam,
739 455 765 506 h.
785 470 810 506 e.
827 456 921 517 duram,¹

249 534 353 600 iniquam
367 566 375 592 ,
395 534 452 598 quia
468 532 509 582 vix
529 531 632 599 pecunia
648 540 746 597 poterat
762 529 827 598 exigi
838 532 924 582 allalbt

249 606 351 658 Caesaris
373 606 570 657 familiarissimo.

285 679 349 730 lbid.
364 693 407 729 10.
420 679 659 736 consecrationem,
679 676 826 727 relationem
835 675 860 726 in
869 677 928 728 deor.

252 764 295 805 n.
310 753 463 812 Honorem,
490 752 668 802 celebritatem.
686 749 752 801 lbid.
771 750 794 800 A
811 751 850 801 via
863 766 930 800 remo·

248 828 308 877 tior.
332 841 373 887 14.
396 825 588 884 Commuto‚ad
607 824 665 873 alias
677 823 795 888 personas
812 824 931 875 transfero.

253 915 298 965 17.
317 900 376 949 Non
397 900 460 949 enim
479 896 624 948 invidiosum
644 896 687 944 est.

291 987 324 1033 54
338 1005 346 1031 ‚
361 989 387 1023 2·
408 973 499 1023 Ardor.
521 971 602 1019 Dolor
621 985 652 1018 ex
669 981 749 1019 morte
764 968 866 1020 Tulliae.

288 1046 353 1095 lbid.
373 1060 396 1106 ς.
424 1044 497 1117 Quod
517 1040 603 1108 scribis
628 1043 656 1092 de
680 1042 797 1110 Apuleio.
823 1043 873 1108 Qui
899 1060 936 1094 co-

251 1133 354 1185 optatus
375 1119 399 1167 in
424 1117 555 1185 collegium
576 1132 711 1183 augurum,
731 1132 826 1165 coenam
847 1119 937 1182 parabat

253 1192 414 1261 auguralem‚
433 1191 473 1241 cui
489 1188 601 1240 interell'e
618 1189 741 1239 debebant
757 1205 883 1256 augures,
898 1189 938 1240 nisi

254 1267 276 1318 si
293 1266 403 1315 morbum
421 1265 504 1332 perse
520 1275 562 1312 aut
579 1279 623 1327 per
639 1263 700 1312 alios
718 1262 839 1327 jurarent.

292 1338 356 1388 lbid.
375 1353 414 1400 17·
432 1336 555 1387 Cocceium
565 1335 636 1385 aelim
651 1336 769 1405 appelles.
782 1337 825 1386 De
835 1334 940 1404 pecunia,

254 1427 326 1479 quam
345 1409 367 1458 is
387 1408 444 1458 mihi
462 1410 548 1460 debet.

296 1497 326 1544 55
345 1513 353 1539 ‚
373 1496 417 1542 24.
438 1477 518 1551 Ipsum
533 1481 614 1532 doleo.
631 1481 661 1532 ld
677 1480 754 1548 ipsum
773 1482 864 1542 doleo,
882 1477 944 1549 quud
976 1514 978 1519 ·

254 1555 312 1607 hinc
327 1554 388 1603 mibi
404 1553 578 1605 discedendum
595 1555 638 1605 sit.

203 1681 206 1687 ,
295 1627 358 1679 ibid.
382 1641 426 1692 29.
449 1627 481 1678 la
500 1628 563 1678 velle
589 1643 616 1677 ur
637 1625 687 1694 ipse
707 1625 807 1693 ndeffet.
831 1629 868 1678 lta
889 1626 946 1696 regii

259 1703 360 1756 codices
385 1717 439 1751 cum
463 1702 557 1753 duobus
582 1700 739 1760 Graevianis,
762 1717 811 1768 pro
833 1702 946 1771 vulgato,

259 1775 385 1827 invallem
402 1790 428 1824 ut
443 1770 492 1842 ipse
508 1774 603 1841 adeffet.

301 1848 353 1911 56,
373 1864 398 1900 2.
427 1845 508 1914 Pansa
536 1849 637 1915 quando.
667 1847 765 1914 Nempe
790 1847 870 1900 Romi
896 1864 951 1916 pro·

262 1922 369 1972 feilurus
388 1920 463 1970 sitin
482 1923 608 1981 Galliam,
627 1921 695 1971 Bruti
713 1921 845 1972 successor.

299 1994 362 2043 lbid.
377 2007 417 2054 19.
428 1995 471 2042 De
483 1996 605 2044 Cicerone.
618 1996 725 2044 Athenas
736 1994 869 2046 studiorum
883 1990 952 2045 rausi

261 2065 393 2116 mittendo.
410 2066 471 2116 Haec
485 2067 584 2134 epistola
602 2101 609 2126 ,
630 2068 656 2118 ὅ(
673 2067 799 2135 poliremae
815 2069 869 2119 duae
884 2067 954 2135 hujus

263 2139 318 2188 libri
334 2139 457 2203 pertinent
470 2141 499 2189 ad
520 2158 608 2192 annum
627 2157 653 2190 u.
672 2141 744 2204 708,
759 2158 788 2190 ac
807 2142 911 2209 proinde
925 2140 955 2192 ad

265 2212 372 2266 librum,
386 2212 428 2276 qui
446 2213 556 2277 proxim'e
573 2215 689 2281 sequitur.

302 2281 367 2332 Ibid.
387 2298 430 2333 2o.
452 2284 494 2334 De
508 2286 588 2353 prima
605 2287 730 2354 penelonc.
751 2287 843 2339 Tulliae
860 2286 924 2340 dotis
942 2303 957 2338 ι

265 2355 397 2407 Dolabella
413 2359 550 2426 exigendae.

304 2429 366 2479 lbid.
389 2444 433 2494 23.
459 2432 545 2482 Urrzlm
568 2430 648 2501 ipse...
672 2432 770 2502 cogitet.
794 2432 886 2484 Utriim
909 2433 958 2499 ipse

266 2502 387 2552 honorem
401 2505 460 2553 sita
480 2506 576 2557 Caesare
591 2508 711 2574 periturus
730 2509 754 2557 in
774 2523 862 2573 campo
880 2506 959 2558 Foeni·

267 2576 379 2634 eulatie,
393 2578 434 2641 qui
450 2579 495 2628 fuit
512 2581 538 2628 in
555 2580 687 2648 Hispania,
705 2597 735 2630 an
751 2580 838 2633 Romae
853 2581 879 2631 in
895 2597 959 2632 eam·

266 2665 301 2717 po
320 2648 422 2698 Martio.

308 2737 357 2786 57,
377 2734 403 2785 3.
423 2719 525 2790 Refugio
544 2741 559 2771 a
576 2738 600 2774 te
623 2728 790 2783 admonendo,
809 2729 873 2794 quod
888 2725 958 2777 reliam

265 2794 323 2844 mili
337 2791 468 2861 ignoscas,
493 2796 633 2847 cuicuimodi
657 2800 698 2862 est.
722 2801 759 2850 lta
787 2801 871 2852 locum
891 2799 962 2851 exhi·

266 2869 328 2918 beat
347 2867 372 2919 ὃ(
391 2867 535 2936 distinguunt
548 2871 610 2937 regii
628 2873 737 2925 codices.
759 2874 855 2924 Fanum
872 2872 964 2928 intelli·

268 2940 306 3009 git
320 2973 330 3003 ,
343 2942 411 3012 quod
428 2942 522 3015 erigere
539 2956 641 3002 mortue
659 2945 715 3001 filie
732 2948 873 3018 cogitabat.
