2125 3784
390 410 683 472 Larrmvm
823 428 878 495 ης

227 511 493 565 narrarunvnin.
507 529 516 564 1
526 529 548 564 r.
558 514 651 564 alterna
658 514 761 566 coasilia
771 516 879 582 rejicere.

148 582 151 587 ’
185 585 307 637 arabe
320 585 374 634 sunt
386 583 481 650 judices
497 604 602 646 omnes,
618 604 678 654 quos
698 601 789 655 praetor
808 590 880 642 sorti·

186 659 289 711 tuaest.
303 657 437 725 injudicio
453 663 643 727 repetundarum
659 694 667 720 ‚
686 677 730 713 eos
746 679 831 714 omnes
848 679 880 712 er

185 734 246 802 iege
261 731 364 788 Vatinia
386 732 459 783 semel
475 734 582 800 rejicere
601 735 692 786 licebat
708 750 753 787 reo
772 768 780 796 ,
806 736 879 786 semei

184 803 347 864 «ansermi,
363 822 435 872 quum
444 820 515 858 antea
531 811 619 861 liceret
632 809 729 875 utrique
744 824 776 859 ex
792 809 880 860 eodem

183 878 296 931 coneilio
312 878 418 946 rejicere
436 881 529 932 tanaim
548 884 698 943 nonnullos,
710 899 812 951 quorum
825 884 879 934 loca

190 952 361 1005 btbiortitione
379 954 545 1022 replebantur.
564 954 647 1007 Plane.
675 971 718 1018 15·
736 955 825 1005 alterni
835 955 879 1022 ju-

186 1025 265 1078 dices.
285 1025 458 1079 *Arch.1o.
480 1028 568 1080 alterni
585 1026 674 1097 versus.
692 1030 711 1081 i.
734 1046 760 1080 e.
782 1029 878 1096 generis

184 1098 306 1167 elegiaci.

224 1172 397 1223 Αιτιτυοο.
409 1172 492 1223 Rabir.
508 1173 573 1224 Post.
594 1175 636 1224 16.
654 1174 739 1224 mentia
754 1172 880 1224 luminibus

186 1242 269 1310 officie
290 1245 391 1294 deiende
408 1243 512 1310 ,fortuna
533 1247 663 1316 &giorim
688 1249 744 1298 Mil.
765 1247 791 1298 8.
815 1263 879 1295 ment

186 1316 266 1375 alea}
282 1317 301 1367 i.
320 1334 343 1368 e.
362 1334 423 1386 quae
433 1334 473 1369 res
489 1320 605 1370 humanos
625 1322 769 1372 contemnit.
788 1320 806 1370 F
809 1320 831 1369 in
843 1336 874 1378 2,

190 1389 234 1440 16.
245 1404 274 1439 ret
283 1388 360 1440 aleier
373 1390 565 1462 interdumficree
579 1424 586 1451 ‚
607 1393 695 1444 dicitur
709 1394 740 1444 de
756 1393 792 1444 his
805 1427 812 1452 ,
826 1393 877 1461 qui·

185 1463 232 1514 bur
247 1462 299 1530 ipsa
312 1479 393 1514 rerum
409 1466 568 1532 magnitudo,
584 1483 642 1534 quaa
659 1467 760 1525 dicunt,
778 1467 877 1517 videtur

183 1536 261 1587 enimi
275 1536 463 1604 magnitudinem
482 1537 587 1598 afferre,
609 1551 637 1589 ut
651 1539 692 1607 qui
709 1541 790 1591 audiat
803 1573 810 1600 ,
822 1539 877 1591 sen·

187 1608 234 1661 tite
250 1609 340 1676 possit.

221 1681 360 1733 Amarrro
371 1683 474 1748 ,petitio
486 1684 607 1732 honorum
617 1683 726 1734 honesta.
738 1683 785 1734 Or.
804 1699 813 1734 r
827 1717 834 1743 ,
851 1698 875 1734 r.

187 1754 253 1805 Fam.
265 1771 302 1820 7,
317 1768 339 1804 1.
350 1756 404 1806 Art.
422 1769 433 1806 1
448 1789 455 1814 ‚
478 1772 517 1806 10.
531 1754 628 1805 ambitio
638 1757 716 1818 nostra
733 1755 819 1806 aititur
828 1757 876 1808 bre.

188 1828 324 1879 *Ambitio
342 1828 431 1879 dieitur
449 1829 479 1879 de
500 1828 610 1878 omnibus
630 1831 728 1886 rebus,
756 1845 814 1896 quas
835 1842 877 1879 aut

187 1902 272 1967 gratiae
283 1902 432 1969 colligendae
447 1901 518 1952 causi
532 1901 632 1951 iacimus
643 1934 651 1961 ,
664 1916 706 1952 aut
723 1913 751 1951 ut
766 1919 811 1952 nos
823 1918 878 1969 gra·

185 1974 262 2025 tiosoe
280 1974 329 2025 effe
347 1974 498 2025 ostendamus
514 1975 579 2040 apud
596 1990 659 2032 eos,
677 1976 793 2042 aquibus
811 1975 877 2042 peti·

179 2064 239 2098 mua
257 2047 359 2113 aliquid.
388 2048 453 2099 Fam.
476 2063 502 2110 5.
524 2063 569 2097 20.
586 2047 680 2110 molesti
700 2048 747 2098 tubi
764 2066 811 2098 roa
830 2048 877 2099 iiia

184 2118 301 2189 beneficia
310 2136 357 2170 tuae
367 2119 450 2188 potitis
465 2119 588 2170 ambitioni
602 2117 721 2187 reservata
731 2120 774 2188 effe
787 2155 794 2180 ,
808 2121 876 2189 quim

186 2210 260 2253 m,
278 2193 319 2261 qui
333 2192 460 2243 ambitione
474 2193 536 2243 nibil
548 2209 647 2244 uterer:
664 2208 691 2244 ut
706 2195 756 2244 scil.
776 2197 875 2263 gratiam

183 2266 247 2317 inire
263 2267 295 2317 ab
314 2266 366 2317 aliie
382 2266 480 2333 postes,
501 2268 587 2334 quibus
607 2267 630 2317 id
647 2285 723 2334 genus
741 2269 875 2318 beneficio·

185 2356 239 2390 rum
267 2338 396 2390 tribuisses.
419 2340 489 2389 Brut.
514 2341 559 2402 69.
586 2340 713 2390 ambitione
733 2341 783 2389 labi
795 2375 803 2397 ‚
822 2342 874 2392 scil.

186 2412 211 2463 in
227 2413 325 2472 laude,
351 2430 423 2480 quum
440 2413 564 2462 laudamus
583 2412 714 2478 indignos,
730 2425 757 2461 ut
775 2414 875 2479 gratiam

154 2484 304 2555 ‘inermum
334 2486 401 2537 Fam.
427 2499 456 2550 1³
480 2517 488 2543 ,
521 2499 545 2547 5.
565 2483 692 2533 ambitione
720 2487 791 2544 med,
814 2486 831 2536 i.
849 2503 874 2536 e.

186 2550 300 2625 prfcibus
317 2560 377 2609 meis
394 2591 403 2617 ,
423 2559 511 2625 quibus
531 2570 612 2616 utor,
633 2569 660 2607 ut
679 2558 811 2624 impetratis
833 2576 875 2608 re·

143 2634 146 2643 '
185 2632 230 2681 bur
251 2631 371 2699 gratiosus
396 2632 489 2682 videar.
507 2629 588 2681 *Offi
605 2646 614 2681 t
631 2664 638 2690 ,
658 2644 702 2696 30.
716 2631 740 2680 in
761 2632 874 2699 Scipione

185 2702 285 2759 ambitio
298 2703 393 2769 major,
410 2705 461 2754 rita
472 2703 569 2767 tristior.
581 2704 620 2754 Est
632 2706 683 2755 haec
693 2704 796 2772 gravitas
807 2720 875 2770 quae-

184 2772 239 2827 'chin
254 2777 280 2828 in
299 2780 368 2828 cultu
387 2779 412 2829 bt
429 2779 521 2828 habitu.

222 2849 398 2902 Ameletos&
417 2868 447 2900 ea
466 2850 519 2900 beri
537 2850 671 2906 dicuntur,
693 2865 746 2912 quae
763 2845 873 2896 ineunda

189 2924 268 2991 gretie
284 2925 358 2975 causi
375 2923 444 2974 fiunt.
459 2925 525 2974 Fam.
544 2937 573 2986 ¹3
588 2956 595 2980 ‚
609 2922 653 2985 ⁶9·
668 2921 722 2969 Art.
745 2934 774 2980 ¹5
788 2953 795 2975 ,
812 2932 835 2966 r.
847 2933 874 2968 ue

186 2997 323 3055 concionem
333 3015 382 3050 aua
393 2994 514 3046 ambitiosi
528 2996 685 3064 corrigerem,
704 3009 752 3044 non
769 2990 873 3054 leviter,
