2125 3784
185 192 301 302 314*
387 216 635 275 Nouum
709 260 712 265 .

183 323 313 377 solaribus
319 317 466 372 osiodecim.
482 316 581 368 Dicitur
604 318 634 367 de
653 313 798 385 longissima
815 316 874 370 dila·

182 398 264 450 tione.

220 469 282 521 lbid.
299 478 343 532 23.
361 464 507 517 Considera.
531 479 576 528 25.
594 461 700 514 Plausui.
721 462 767 514 26.
789 464 874 567 ldegli·

184 555 265 616 gatus.
286 540 337 591 Sed
356 557 422 591 curae
442 540 498 590 erit

219 615 271 678 46,
287 630 310 677 5
320 614 536 665 Rubicundiorem
526 627 574 675 7.
582 608 873 675 QuaestioArebimedea.

187 703 230 755 13.
240 687 370 740 Tenuiter.
387 702 430 750 15.
443 686 556 736 Auditio.

220 764 285 815 lbid.
303 762 348 813 28.
367 761 472 830 Luperco
486 759 555 828 filio.
576 751 692 808 Huncin
708 757 821 810 Julianos
838 759 873 809 lu·

182 853 275 905 percos
290 835 392 885 adscribi
406 833 482 902 passus
494 845 547 882 erat
562 844 634 899 pater
654 849 709 881 cum
722 833 818 884 duobus
832 835 871 884 do·

184 910 289 961 mesticis
301 909 392 960 libertis
405 941 413 968 ,
431 906 508 958 Statio
520 907 581 965 suo,
597 907 623 957 dt
637 905 771 956 Philotimo
781 906 871 957 Teren·

186 985 239 1037 tie.
256 984 323 1034 Vide
340 981 401 1032 Phil.
420 997 455 1042 2.
473 995 518 1045 34.

224 1073 286 1121 47,
310 1070 335 1121 3.
352 1056 454 1122 Stipem.
478 1070 506 1117 4.
524 1052 678 1103 Siticulosum
704 1051 821 1112 sontem,
832 1049 872 1120 sed

187 1132 221 1183 ud
244 1131 365 1181 Pirenem.
388 1144 412 1192 5.
432 1127 624 1194 Respirationem
648 1128 815 1177 venerandam
831 1129 870 1177 Al·

186 1204 252 1272 phaei
276 1202 302 1253 in
322 1217 346 1252 te
370 1203 472 1252 sontem.
491 1217 519 1266 7.
545 1199 670 1264 Quorsum
697 1200 755 1252 haec
782 1201 871 1252 tandem

187 1272 338 1341 erumpent?

223 1349 289 1400 lbid.
307 1348 333 1399 8.
350 1349 421 1399 Cato.
439 1348 512 1398 Liber
526 1347 558 1397 de
574 1344 679 1397 Catonis
692 1347 817 1400 laudibus·
843 1409 846 1413 ‚

223 1419 291 1472 lbid.
314 1437 356 1472 to.
377 1421 418 1472 Dr
435 1421 520 1473 Casio.
540 1419 636 1472 Coelius
651 1422 710 1480 hic,
730 1435 758 1471 ut
776 1423 801 1473 δι
816 1420 872 1472 Hor·

189 1495 284 1548 tensius
297 1529 305 1555 ‚
322 1495 449 1560 Virginius
462 1530 470 1554 ,
489 1494 545 1545 Piso
558 1528 566 1555 ‚
586 1493 626 1561 qui
638 1495 796 1561 appellantur
805 1496 870 1552 insti.

190 1570 305 1624 videntur
321 1570 452 1638 argentarii
470 1568 561 1628 fuisse,
582 1585 686 1635 cumque
706 1568 736 1619 iis
752 1568 823 1636 egisse
835 1567 872 1618 Ci-

192 1652 309 1694 teronem
328 1644 359 1694 de
381 1660 441 1694 auro
463 1653 598 1709 argentove
620 1642 685 1692 saslo
706 1645 750 1692 vel
772 1641 870 1702 inlatio,

193 1717 315 1770 eumalio
336 1717 431 1785 signato
451 1716 629 1766 commutando.
645 1715 747 1767 Bosius.

229 1790 294 1841 lbid.
319 1804 361 1851 15.
382 1789 518 1852 Mustela...
540 1786 642 1857 Crispus·
659 1789 692 1839 Hi
708 1790 822 1842 videntur
836 1803 871 1841 co·

191 1862 297 1912 heredes
312 1861 388 1910 fuisse.

229 1935 292 1984 lbid.
314 1934 355 1984 18.
373 1929 458 1998 Pisoni
475 1934 659 1997 demonstrarint.
676 1936 714 1986 lta
736 1935 798 2006 regii
815 1931 871 1988 codi-

193 2023 245 2058 ces.
265 2007 349 2072 Vulgo
368 2008 545 2070 demonstrarem
562 2022 605 2058 aut
623 2011 801 2072 demonstraret.

231 2079 282 2141 48,
301 2097 327 2143 7.
344 2081 475 2130 Conturbat
490 2082 550 2130 enim
567 2101 602 2130 me
619 2084 721 2150 epitome
734 2083 808 2134 Bruti
817 2081 872 2133 Fau·

195 2150 289 2210 niano,
310 2171 341 2202 an
360 2153 463 2220 epitoma
484 2154 557 2206 Bruti
575 2156 782 2209 Fannianorum?
797 2153 872 2224 scripsi

198 2226 247 2277 ἂι.
267 2227 306 2277 lta
325 2245 378 2278 cum
397 2228 517 2296 plerisque
533 2228 584 2280 mss.
576 2231 682 2296 aegii,
702 2249 748 2296 pro
765 2234 870 2298 vulgato,

196 2302 323 2352 conturbat
340 2302 399 2351 enim
414 2321 449 2352 me
464 2304 488 2352 in
501 2303 572 2352 Bruti
591 2304 693 2370 epitoma
708 2305 871 2356 Fannianorum
910 2320 911 2325 ¹

192 2369 307 2441 scriptum
322 2377 367 2425 sec.
380 2377 464 2427 Sermo
474 2377 507 2427 est
519 2379 549 2427 de
564 2377 629 2427 libris
645 2378 811 2430 annalibusC.
819 2379 872 2428 Fan·

178 2447 257 2507 nii,
277 2465 337 2514 quos
352 2449 376 2498 in
392 2451 515 2515 epitomen
530 2454 618 2502 Brutus
633 2466 800 2503 contraxerat.

233 2482 297 2572 lbid.
319 2537 359 2570 12.
378 2521 533 2590 Argumentis
550 2527 715 2592 geometricis.
736 2541 781 2591 23.
800 2520 873 2576 Primi·

197 2593 274 2664 geniae
290 2597 377 2645 tabulae
392 2629 399 2654 ,
417 2613 447 2645 ex
465 2598 550 2662 quibus
568 2598 732 2659 Nicasionu,
750 2602 874 2652 soenerato·

196 2685 261 2726 res,
280 2668 395 2719 Kalendis
412 2669 527 2738 cujusque
550 2674 639 2723 mensis
660 2674 779 2739 pecunias
799 2673 873 2740 exige·

196 2742 255 2792 bant
276 2762 290 2793 a
315 2743 472 2794 debitoribus.
493 2746 694 2817 Conficiendaeque
714 2748 820 2806 tabule,
839 2760 873 2797 at·

196 2827 324 2884 ceptorum
341 2817 553 2887 &expensorum
