<?xml version="1.0" encoding="UTF-8"?>
<!DOCTYPE html PUBLIC "-//W3C//DTD XHTML 1.0 Transitional//EN"
    "http://www.w3.org/TR/xhtml1/DTD/xhtml1-transitional.dtd">
<html xmlns="http://www.w3.org/1999/xhtml" xml:lang="en" lang="en">
 <head>
  <title>
</title>
<meta http-equiv="Content-Type" content="text/html;charset=utf-8" />
  <meta name='ocr-system' content='tesseract 3.04.00' />
  <meta name='ocr-capabilities' content='ocr_page ocr_carea ocr_par ocr_line ocrx_word'/>
</head>
<body>
  <div class='ocr_page' id='page_1' title='image "./mtulliiciceroni02lallgoog/mtulliiciceroni02lallgoog_0091.png"; bbox 0 0 2125 3784; ppageno 0'>
   <div class='ocr_carea' id='block_1_1' title="bbox 294 408 875 506">
    <p class='ocr_par' dir='ltr' id='par_1_1' title="bbox 294 408 875 506">
     <span class='ocr_line' id='line_1_1' title="bbox 294 408 875 506; baseline -0.007 -26"><span class='ocrx_word' id='word_1_1' title='bbox 294 427 356 481; x_wconf 72' lang='lat' dir='ltr'>Au</span> <span class='ocrx_word' id='word_1_2' title='bbox 374 411 582 478; x_wconf 75' lang='lat' dir='ltr'>Arrrcun</span> <span class='ocrx_word' id='word_1_3' title='bbox 599 408 790 478; x_wconf 72' lang='lat' dir='ltr'>LinXll.</span> <span class='ocrx_word' id='word_1_4' title='bbox 829 436 875 506; x_wconf 93' lang='lat'>77</span> 
     </span>
    </p>
   </div>
   <div class='ocr_carea' id='block_1_2' title="bbox 181 519 882 1325">
    <p class='ocr_par' dir='ltr' id='par_1_2' title="bbox 181 519 882 1325">
     <span class='ocr_line' id='line_1_2' title="bbox 181 519 879 603; baseline 0.001 -19"><span class='ocrx_word' id='word_1_5' title='bbox 181 525 258 585; x_wconf 85' lang='lat' dir='ltr'>bere</span> <span class='ocrx_word' id='word_1_6' title='bbox 275 541 289 595; x_wconf 78' lang='lat'>⁸,</span> <span class='ocrx_word' id='word_1_7' title='bbox 305 526 410 603; x_wconf 76' lang='lat' dir='ltr'>putavi</span> <span class='ocrx_word' id='word_1_8' title='bbox 433 519 489 582; x_wconf 80' lang='lat' dir='ltr'>effe</span> <span class='ocrx_word' id='word_1_9' title='bbox 508 522 716 597; x_wconf 84' lang='lat' dir='ltr'>commodius,</span> <span class='ocrx_word' id='word_1_10' title='bbox 740 544 788 585; x_wconf 90' lang='lat' dir='ltr'>me</span> <span class='ocrx_word' id='word_1_11' title='bbox 809 523 879 584; x_wconf 87' lang='lat' dir='ltr'>istuc</span> 
     </span>
     <span class='ocr_line' id='line_1_3' title="bbox 187 600 880 684; baseline 0.003 -21"><span class='ocrx_word' id='word_1_12' title='bbox 187 606 315 674; x_wconf 76' lang='lat' dir='ltr'>venire3</span> <span class='ocrx_word' id='word_1_13' title='bbox 326 603 406 684; x_wconf 91' lang='lat' dir='ltr'>quod</span> <span class='ocrx_word' id='word_1_14' title='bbox 415 603 492 662; x_wconf 91' lang='lat' dir='ltr'>idem</span> <span class='ocrx_word' id='word_1_15' title='bbox 500 600 591 660; x_wconf 78' lang='lat' dir='ltr'>video</span> <span class='ocrx_word' id='word_1_16' title='bbox 603 601 656 661; x_wconf 88' lang='lat' dir='ltr'>tibi</span> <span class='ocrx_word' id='word_1_17' title='bbox 691 604 794 664; x_wconf 88' lang='lat' dir='ltr'>lacere.</span> <span class='ocrx_word' id='word_1_18' title='bbox 804 602 880 665; x_wconf 87' lang='lat' dir='ltr'>Cras</span> 
     </span>
     <span class='ocr_line' id='line_1_4' title="bbox 192 624 881 763; baseline 0.006 -23"><span class='ocrx_word' id='word_1_19' title='bbox 192 685 283 763; x_wconf 86' lang='lat' dir='ltr'>igitur</span> <span class='ocrx_word' id='word_1_20' title='bbox 297 684 326 740; x_wconf 91' lang='lat' dir='ltr'>in</span> <span class='ocrx_word' id='word_1_21' title='bbox 344 681 415 742; x_wconf 81' lang='lat' dir='ltr'>Sicae</span> <span class='ocrx_word' id='word_1_22' title='bbox 431 681 613 742; x_wconf 88' lang='lat' dir='ltr'>suburbano:</span> <span class='ocrx_word' id='word_1_23' title='bbox 632 624 720 757; x_wconf 78' lang='lat' dir='ltr'>inde,</span> <span class='ocrx_word' id='word_1_24' title='bbox 777 683 881 745; x_wconf 87' lang='lat' dir='ltr'>emad-</span> 
     </span>
     <span class='ocr_line' id='line_1_5' title="bbox 195 761 881 836; baseline 0.004 -14"><span class='ocrx_word' id='word_1_25' title='bbox 195 763 314 822; x_wconf 89' lang='lat' dir='ltr'>modum</span> <span class='ocrx_word' id='word_1_26' title='bbox 332 761 451 836; x_wconf 80' lang='lat' dir='ltr'>suades,</span> <span class='ocrx_word' id='word_1_27' title='bbox 487 778 541 821; x_wconf 90' lang='lat' dir='ltr'>uto</span> <span class='ocrx_word' id='word_1_28' title='bbox 563 781 611 821; x_wconf 87' lang='lat' dir='ltr'>me</span> <span class='ocrx_word' id='word_1_29' title='bbox 627 763 657 820; x_wconf 90' lang='lat' dir='ltr'>in</span> <span class='ocrx_word' id='word_1_30' title='bbox 673 763 743 823; x_wconf 85' lang='lat' dir='ltr'>Ficu</span> <span class='ocrx_word' id='word_1_31' title='bbox 754 767 816 829; x_wconf 88' lang='lat' dir='ltr'>ensi</span> <span class='ocrx_word' id='word_1_32' title='bbox 830 762 881 825; x_wconf 77' lang='lat' dir='ltr'>fo·</span> 
     </span>
     <span class='ocr_line' id='line_1_6' title="bbox 194 783 879 925; baseline 0.004 -23"><span class='ocrx_word' id='word_1_33' title='bbox 194 852 244 902; x_wconf 68' lang='lat' dir='ltr'>re:</span> <span class='ocrx_word' id='word_1_34' title='bbox 250 841 366 920; x_wconf 81' lang='lat' dir='ltr'>Quibus</span> <span class='ocrx_word' id='word_1_35' title='bbox 380 843 417 903; x_wconf 93' lang='lat' dir='ltr'>de</span> <span class='ocrx_word' id='word_1_36' title='bbox 434 783 523 902; x_wconf 72' lang='lat' dir='ltr'>relus</span> <span class='ocrx_word' id='word_1_37' title='bbox 534 841 572 901; x_wconf 89' lang='lat' dir='ltr'>ad</span> <span class='ocrx_word' id='word_1_38' title='bbox 583 860 630 900; x_wconf 88' lang='lat' dir='ltr'>me</span> <span class='ocrx_word' id='word_1_39' title='bbox 642 840 791 922; x_wconf 86' lang='lat' dir='ltr'>scripsisti,</span> <span class='ocrx_word' id='word_1_40' title='bbox 804 865 879 925; x_wconf 84' lang='lat' dir='ltr'>quo·</span> 
     </span>
     <span class='ocr_line' id='line_1_7' title="bbox 192 921 879 1004; baseline 0.004 -23"><span class='ocrx_word' id='word_1_41' title='bbox 192 925 267 981; x_wconf 87' lang='lat' dir='ltr'>niam</span> <span class='ocrx_word' id='word_1_42' title='bbox 281 921 341 1004; x_wconf 90' lang='lat' dir='ltr'>ipse</span> <span class='ocrx_word' id='word_1_43' title='bbox 353 926 463 994; x_wconf 85' lang='lat' dir='ltr'>venio,</span> <span class='ocrx_word' id='word_1_44' title='bbox 481 921 583 981; x_wconf 74' lang='lat' dir='ltr'>corim</span> <span class='ocrx_word' id='word_1_45' title='bbox 595 921 771 985; x_wconf 88' lang='lat' dir='ltr'>videbimus.</span> <span class='ocrx_word' id='word_1_46' title='bbox 782 923 879 984; x_wconf 91' lang='lat' dir='ltr'>Tuam</span> 
     </span>
     <span class='ocr_line' id='line_1_8' title="bbox 189 998 880 1084; baseline 0.007 -24"><span class='ocrx_word' id='word_1_47' title='bbox 189 1002 309 1084; x_wconf 90' lang='lat' dir='ltr'>quidem</span> <span class='ocrx_word' id='word_1_48' title='bbox 327 1003 359 1061; x_wconf 72' lang='grc' dir='ltr'>ὃ(</span> <span class='ocrx_word' id='word_1_49' title='bbox 375 1005 407 1061; x_wconf 93' lang='lat' dir='ltr'>in</span> <span class='ocrx_word' id='word_1_50' title='bbox 423 1001 545 1083; x_wconf 83' lang='lat' dir='ltr'><strong>agendis</strong></span> <span class='ocrx_word' id='word_1_51' title='bbox 563 998 662 1060; x_wconf 85' lang='lat' dir='ltr'>nostris</span> <span class='ocrx_word' id='word_1_52' title='bbox 680 1003 782 1077; x_wconf 87' lang='lat' dir='ltr'>rebus,</span> <span class='ocrx_word' id='word_1_53' title='bbox 801 1005 832 1064; x_wconf 77' lang='grc' dir='ltr'>δι</span> <span class='ocrx_word' id='word_1_54' title='bbox 848 1006 880 1064; x_wconf 89' lang='lat' dir='ltr'>in</span> 
     </span>
     <span class='ocr_line' id='line_1_9' title="bbox 186 1080 881 1165; baseline -0.001 -23"><span class='ocrx_word' id='word_1_55' title='bbox 186 1084 318 1142; x_wconf 87' lang='lat' dir='ltr'>consiliis</span> <span class='ocrx_word' id='word_1_56' title='bbox 332 1081 467 1142; x_wconf 82' lang='lat' dir='ltr'>ineundis</span> <span class='ocrx_word' id='word_1_57' title='bbox 482 1125 493 1154; x_wconf 92' lang='lat'>,</span> <span class='ocrx_word' id='word_1_58' title='bbox 509 1081 636 1160; x_wconf 86' lang='lat' dir='ltr'>mihique</span> <span class='ocrx_word' id='word_1_59' title='bbox 655 1080 773 1156; x_wconf 88' lang='lat' dir='ltr'>dandis,</span> <span class='ocrx_word' id='word_1_60' title='bbox 789 1084 819 1141; x_wconf 94' lang='lat' dir='ltr'>in</span> <span class='ocrx_word' id='word_1_61' title='bbox 835 1087 881 1165; x_wconf 81' lang='lat' dir='ltr'>ip·</span> 
     </span>
     <span class='ocr_line' id='line_1_10' title="bbox 186 1160 882 1243; baseline 0.001 -22"><span class='ocrx_word' id='word_1_62' title='bbox 186 1165 225 1222; x_wconf 85' lang='lat' dir='ltr'>sis</span> <span class='ocrx_word' id='word_1_63' title='bbox 246 1163 376 1236; x_wconf 87' lang='lat' dir='ltr'>litteris,</span> <span class='ocrx_word' id='word_1_64' title='bbox 394 1182 464 1243; x_wconf 86' lang='lat' dir='ltr'>quas</span> <span class='ocrx_word' id='word_1_65' title='bbox 483 1162 595 1233; x_wconf 76' lang='lat' dir='ltr'>mittis,</span> <span class='ocrx_word' id='word_1_66' title='bbox 613 1160 849 1222; x_wconf 84' lang='lat' dir='ltr'>benevolentiam</span> <span class='ocrx_word' id='word_1_67' title='bbox 871 1208 882 1239; x_wconf 88' lang='lat'>,</span> 
     </span>
     <span class='ocr_line' id='line_1_11' title="bbox 186 1240 879 1325; baseline 0.003 -23"><span class='ocrx_word' id='word_1_68' title='bbox 186 1243 404 1324; x_wconf 85' lang='lat' dir='ltr'>diligentiam,</span> <span class='ocrx_word' id='word_1_69' title='bbox 426 1240 608 1322; x_wconf 82' lang='lat' dir='ltr'>prudentiam</span> <span class='ocrx_word' id='word_1_70' title='bbox 634 1241 755 1302; x_wconf 73' lang='lat' dir='ltr'>mirifice</span> <span class='ocrx_word' id='word_1_71' title='bbox 776 1243 879 1325; x_wconf 83' lang='lat' dir='ltr'>diligo.</span> 
     </span>
    </p>
   </div>
   <div class='ocr_carea' id='block_1_3' title="bbox 306 1354 777 1424">
    <p class='ocr_par' dir='ltr' id='par_1_3' title="bbox 306 1354 777 1424">
     <span class='ocr_line' id='line_1_12' title="bbox 306 1354 777 1424; baseline 0.008 -4"><span class='ocrx_word' id='word_1_72' title='bbox 306 1357 468 1420; x_wconf 73' lang='lat' dir='ltr'>Crceno</span> <span class='ocrx_word' id='word_1_73' title='bbox 498 1354 664 1419; x_wconf 81' lang='lat' dir='ltr'>Arrrco</span> <span class='ocrx_word' id='word_1_74' title='bbox 691 1359 777 1424; x_wconf 68' lang='lat' dir='ltr'>Suu.</span> 
     </span>
    </p>
   </div>
   <div class='ocr_carea' id='block_1_4' title="bbox 191 1444 887 3074">
    <p class='ocr_par' dir='ltr' id='par_1_4' title="bbox 191 1444 887 3074">
     <span class='ocr_line' id='line_1_13' title="bbox 192 1444 879 1560; baseline 0 -18"><span class='ocrx_word' id='word_1_75' title='bbox 192 1444 326 1560; x_wconf 82' lang='lat' dir='ltr'>35.Tu</span> <span class='ocrx_word' id='word_1_76' title='bbox 346 1499 471 1553; x_wconf 90' lang='lat' dir='ltr'>tamen,</span> <span class='ocrx_word' id='word_1_77' title='bbox 492 1483 516 1539; x_wconf 83' lang='lat' dir='ltr'>si</span> <span class='ocrx_word' id='word_1_78' title='bbox 537 1479 605 1560; x_wconf 86' lang='lat' dir='ltr'>quid</span> <span class='ocrx_word' id='word_1_79' title='bbox 627 1500 693 1540; x_wconf 87' lang='lat' dir='ltr'>cum</span> <span class='ocrx_word' id='word_1_80' title='bbox 714 1480 808 1555; x_wconf 85' lang='lat' dir='ltr'>Silio,</span> <span class='ocrx_word' id='word_1_81' title='bbox 826 1483 879 1542; x_wconf 83' lang='lat' dir='ltr'>vel</span> 
     </span>
     <span class='ocr_line' id='line_1_14' title="bbox 192 1561 882 1643; baseline 0.004 -25"><span class='ocrx_word' id='word_1_82' title='bbox 192 1562 245 1620; x_wconf 89' lang='lat' dir='ltr'>illo</span> <span class='ocrx_word' id='word_1_83' title='bbox 260 1561 323 1641; x_wconf 83' lang='lat' dir='ltr'>ipso</span> <span class='ocrx_word' id='word_1_84' title='bbox 341 1562 406 1635; x_wconf 90' lang='lat' dir='ltr'>die,</span> <span class='ocrx_word' id='word_1_85' title='bbox 420 1582 481 1643; x_wconf 92' lang='lat' dir='ltr'>quo</span> <span class='ocrx_word' id='word_1_86' title='bbox 499 1561 537 1619; x_wconf 85' lang='lat' dir='ltr'>ad</span> <span class='ocrx_word' id='word_1_87' title='bbox 550 1562 645 1620; x_wconf 85' lang='lat' dir='ltr'>Sicam</span> <span class='ocrx_word' id='word_1_88' title='bbox 658 1579 796 1621; x_wconf 90' lang='lat' dir='ltr'>venturus</span> <span class='ocrx_word' id='word_1_89' title='bbox 809 1582 882 1635; x_wconf 90' lang='lat' dir='ltr'>ero,</span> 
     </span>
     <span class='ocr_line' id='line_1_15' title="bbox 200 1640 882 1713; baseline 0.006 -17"><span class='ocrx_word' id='word_1_90' title='bbox 200 1644 354 1700; x_wconf 76' lang='lat' dir='ltr'>certionem</span> <span class='ocrx_word' id='word_1_91' title='bbox 375 1661 423 1701; x_wconf 89' lang='lat' dir='ltr'>me</span> <span class='ocrx_word' id='word_1_92' title='bbox 444 1640 535 1701; x_wconf 89' lang='lat' dir='ltr'>velim</span> <span class='ocrx_word' id='word_1_93' title='bbox 558 1640 646 1698; x_wconf 83' lang='lat' dir='ltr'>facias</span> <span class='ocrx_word' id='word_1_94' title='bbox 669 1686 678 1713; x_wconf 91' lang='lat'>,</span> <span class='ocrx_word' id='word_1_95' title='bbox 698 1641 729 1699; x_wconf 71' lang='lat' dir='ltr'>dr</span> <span class='ocrx_word' id='word_1_96' title='bbox 753 1643 882 1700; x_wconf 70' lang='lat' dir='ltr'>maxime</span> 
     </span>
     <span class='ocr_line' id='line_1_16' title="bbox 201 1718 883 1800; baseline 0.001 -22"><span class='ocrx_word' id='word_1_97' title='bbox 201 1718 285 1796; x_wconf 84' lang='lat' dir='ltr'>cujus</span> <span class='ocrx_word' id='word_1_98' title='bbox 305 1721 362 1780; x_wconf 91' lang='lat' dir='ltr'>loci</span> <span class='ocrx_word' id='word_1_99' title='bbox 381 1719 585 1780; x_wconf 72' lang='lat' dir='ltr'>detrafflonem</span> <span class='ocrx_word' id='word_1_100' title='bbox 608 1719 671 1778; x_wconf 85' lang='lat' dir='ltr'>ficri</span> <span class='ocrx_word' id='word_1_101' title='bbox 691 1720 763 1780; x_wconf 85' lang='lat' dir='ltr'>velit</span> <span class='ocrx_word' id='word_1_102' title='bbox 774 1739 784 1792; x_wconf 91' lang='lat'>;</span> <span class='ocrx_word' id='word_1_103' title='bbox 802 1722 883 1800; x_wconf 91' lang='lat' dir='ltr'>quod</span> 
     </span>
     <span class='ocr_line' id='line_1_17' title="bbox 198 1799 883 1878; baseline 0.003 -19"><span class='ocrx_word' id='word_1_104' title='bbox 198 1803 279 1859; x_wconf 86' lang='lat' dir='ltr'>enim</span> <span class='ocrx_word' id='word_1_105' title='bbox 303 1800 424 1873; x_wconf 87' lang='lat' dir='ltr'>scribis,</span> <span class='ocrx_word' id='word_1_106' title='bbox 443 1803 588 1871; x_wconf 84' lang='lat' dir='ltr'>extremi,</span> <span class='ocrx_word' id='word_1_107' title='bbox 607 1800 700 1870; x_wconf 85' lang='lat' dir='ltr'>vide,</span> <span class='ocrx_word' id='word_1_108' title='bbox 720 1819 757 1860; x_wconf 90' lang='lat' dir='ltr'>ne</span> <span class='ocrx_word' id='word_1_109' title='bbox 775 1802 799 1857; x_wconf 85' lang='lat' dir='ltr'>is</span> <span class='ocrx_word' id='word_1_110' title='bbox 823 1799 883 1878; x_wconf 84' lang='lat' dir='ltr'>ipse</span> 
     </span>
     <span class='ocr_line' id='line_1_18' title="bbox 192 1877 884 1960; baseline -0.012 -12"><span class='ocrx_word' id='word_1_111' title='bbox 192 1881 278 1948; x_wconf 87' lang='lat' dir='ltr'>locus</span> <span class='ocrx_word' id='word_1_112' title='bbox 295 1883 334 1943; x_wconf 84' lang='lat' dir='ltr'>sit</span> <span class='ocrx_word' id='word_1_113' title='bbox 345 1924 355 1951; x_wconf 88' lang='lat'><strong>‚</strong></span> <span class='ocrx_word' id='word_1_114' title='bbox 368 1877 448 1960; x_wconf 82' lang='lat' dir='ltr'>cujus</span> <span class='ocrx_word' id='word_1_115' title='bbox 463 1881 549 1943; x_wconf 69' lang='lat' dir='ltr'>causa</span> <span class='ocrx_word' id='word_1_116' title='bbox 560 1880 606 1941; x_wconf 88' lang='lat' dir='ltr'>-de</span> <span class='ocrx_word' id='word_1_117' title='bbox 622 1897 685 1940; x_wconf 84' lang='lat' dir='ltr'>tota</span> <span class='ocrx_word' id='word_1_118' title='bbox 699 1901 751 1954; x_wconf 86' lang='lat' dir='ltr'>re,</span> <span class='ocrx_word' id='word_1_119' title='bbox 768 1896 800 1940; x_wconf 88' lang='lat' dir='ltr'>ut</span> <span class='ocrx_word' id='word_1_120' title='bbox 813 1878 884 1956; x_wconf 82' lang='lat' dir='ltr'>scis,</span> 
     </span>
     <span class='ocr_line' id='line_1_19' title="bbox 193 1956 882 2044; baseline 0.003 -25"><span class='ocrx_word' id='word_1_121' title='bbox 193 1956 234 2019; x_wconf 91' lang='lat' dir='ltr'>est</span> <span class='ocrx_word' id='word_1_122' title='bbox 247 1981 264 2018; x_wconf 88' lang='lat' dir='ltr'>a</span> <span class='ocrx_word' id='word_1_123' title='bbox 279 1959 366 2020; x_wconf 85' lang='lat' dir='ltr'>nobis</span> <span class='ocrx_word' id='word_1_124' title='bbox 378 1963 548 2044; x_wconf 86' lang='lat' dir='ltr'>cogitatum.</span> <span class='ocrx_word' id='word_1_125' title='bbox 563 1962 650 2021; x_wconf 87' lang='lat' dir='ltr'>Hirtii</span> <span class='ocrx_word' id='word_1_126' title='bbox 667 1958 816 2040; x_wconf 86' lang='lat' dir='ltr'>epistolam</span> <span class='ocrx_word' id='word_1_127' title='bbox 830 1961 882 2021; x_wconf 89' lang='lat' dir='ltr'>tibi</span> 
     </span>
     <span class='ocr_line' id='line_1_20' title="bbox 193 2041 885 2122; baseline 0.006 -22"><span class='ocrx_word' id='word_1_128' title='bbox 193 2042 279 2112; x_wconf 89' lang='lat' dir='ltr'>misi,</span> <span class='ocrx_word' id='word_1_129' title='bbox 296 2041 329 2101; x_wconf 91' lang='lat'><strong>&amp;</strong></span> <span class='ocrx_word' id='word_1_130' title='bbox 343 2061 513 2114; x_wconf 85' lang='lat' dir='ltr'>recentem,</span> <span class='ocrx_word' id='word_1_131' title='bbox 532 2041 722 2101; x_wconf 73' lang='lat' dir='ltr'>&amp;benevole</span> <span class='ocrx_word' id='word_1_132' title='bbox 741 2041 885 2122; x_wconf 86' lang='lat' dir='ltr'>scriptam.</span> 
     </span>
     <span class='ocr_line' id='line_1_21' title="bbox 191 2121 884 2202; baseline 0 -22"><span class='ocrx_word' id='word_1_133' title='bbox 191 2121 294 2194; x_wconf 69' lang='lat' dir='ltr'>Ante,</span> <span class='ocrx_word' id='word_1_134' title='bbox 311 2121 399 2201; x_wconf 71' lang='lat' dir='ltr'>quim</span> <span class='ocrx_word' id='word_1_135' title='bbox 417 2144 432 2180; x_wconf 92' lang='lat' dir='ltr'>a</span> <span class='ocrx_word' id='word_1_136' title='bbox 450 2139 480 2182; x_wconf 88' lang='lat' dir='ltr'>te</span> <span class='ocrx_word' id='word_1_137' title='bbox 499 2124 632 2202; x_wconf 75' lang='lat' dir='ltr'>proxime</span> <span class='ocrx_word' id='word_1_138' title='bbox 646 2122 780 2196; x_wconf 84' lang='lat' dir='ltr'>discessi,</span> <span class='ocrx_word' id='word_1_139' title='bbox 798 2144 884 2182; x_wconf 91' lang='lat' dir='ltr'>num-</span> 
     </span>
     <span class='ocr_line' id='line_1_22' title="bbox 193 2202 880 2284; baseline 0.004 -25"><span class='ocrx_word' id='word_1_140' title='bbox 193 2222 282 2281; x_wconf 89' lang='lat' dir='ltr'>quam</span> <span class='ocrx_word' id='word_1_141' title='bbox 301 2203 372 2262; x_wconf 85' lang='lat' dir='ltr'>milri</span> <span class='ocrx_word' id='word_1_142' title='bbox 391 2203 474 2263; x_wconf 86' lang='lat' dir='ltr'>venit</span> <span class='ocrx_word' id='word_1_143' title='bbox 501 2202 532 2260; x_wconf 93' lang='lat' dir='ltr'>in</span> <span class='ocrx_word' id='word_1_144' title='bbox 558 2221 688 2261; x_wconf 89' lang='lat' dir='ltr'>mentem</span> <span class='ocrx_word' id='word_1_145' title='bbox 707 2247 716 2275; x_wconf 84' lang='lat'><strong>‚</strong></span> <span class='ocrx_word' id='word_1_146' title='bbox 736 2223 795 2282; x_wconf 87' lang='lat' dir='ltr'>quo</span> <span class='ocrx_word' id='word_1_147' title='bbox 815 2204 880 2284; x_wconf 82' lang='lat' dir='ltr'>plus</span> 
     </span>
     <span class='ocr_line' id='line_1_23' title="bbox 194 2281 884 2363; baseline 0.006 -24"><span class='ocrx_word' id='word_1_148' title='bbox 194 2281 371 2362; x_wconf 90' lang='lat' dir='ltr'>insumptum</span> <span class='ocrx_word' id='word_1_149' title='bbox 390 2285 421 2341; x_wconf 91' lang='lat' dir='ltr'>in</span> <span class='ocrx_word' id='word_1_150' title='bbox 440 2302 662 2342; x_wconf 87' lang='lat' dir='ltr'>monumentum</span> <span class='ocrx_word' id='word_1_151' title='bbox 684 2282 774 2356; x_wconf 80' lang='lat' dir='ltr'>effet,</span> <span class='ocrx_word' id='word_1_152' title='bbox 796 2284 884 2363; x_wconf 74' lang='lat' dir='ltr'>quam</span> 
     </span>
     <span class='ocr_line' id='line_1_24' title="bbox 194 2360 884 2442; baseline 0.003 -24"><span class='ocrx_word' id='word_1_153' title='bbox 194 2360 291 2421; x_wconf 88' lang='lat' dir='ltr'>nescio</span> <span class='ocrx_word' id='word_1_154' title='bbox 308 2363 402 2442; x_wconf 90' lang='lat' dir='ltr'>quid,</span> <span class='ocrx_word' id='word_1_155' title='bbox 425 2361 507 2442; x_wconf 91' lang='lat' dir='ltr'>quod</span> <span class='ocrx_word' id='word_1_156' title='bbox 525 2363 591 2442; x_wconf 81' lang='lat' dir='ltr'>lege</span> <span class='ocrx_word' id='word_1_157' title='bbox 612 2363 801 2434; x_wconf 86' lang='lat' dir='ltr'>conceditur,</span> <span class='ocrx_word' id='word_1_158' title='bbox 818 2383 884 2422; x_wconf 88' lang='lat' dir='ltr'>tan-</span> 
     </span>
     <span class='ocr_line' id='line_1_25' title="bbox 195 2440 881 2524; baseline 0 -24"><span class='ocrx_word' id='word_1_159' title='bbox 195 2441 330 2501; x_wconf 90' lang='lat' dir='ltr'>tumdem</span> <span class='ocrx_word' id='word_1_160' title='bbox 342 2442 455 2523; x_wconf 87' lang='lat' dir='ltr'>populo</span> <span class='ocrx_word' id='word_1_161' title='bbox 477 2440 604 2500; x_wconf 90' lang='lat' dir='ltr'>dandum</span> <span class='ocrx_word' id='word_1_162' title='bbox 626 2440 701 2501; x_wconf 84' lang='lat' dir='ltr'>elle:</span> <span class='ocrx_word' id='word_1_163' title='bbox 721 2442 800 2524; x_wconf 86' lang='lat' dir='ltr'>quod</span> <span class='ocrx_word' id='word_1_164' title='bbox 820 2463 881 2502; x_wconf 90' lang='lat' dir='ltr'>non</span> 
     </span>
     <span class='ocr_line' id='line_1_26' title="bbox 197 2521 884 2603; baseline 0.004 -25"><span class='ocrx_word' id='word_1_165' title='bbox 197 2540 375 2602; x_wconf 79' lang='lat' dir='ltr'>magnopere</span> <span class='ocrx_word' id='word_1_166' title='bbox 389 2537 526 2581; x_wconf 84' lang='lat' dir='ltr'>moveret</span> <span class='ocrx_word' id='word_1_167' title='bbox 540 2564 551 2593; x_wconf 95' lang='lat'>,</span> <span class='ocrx_word' id='word_1_168' title='bbox 567 2523 622 2580; x_wconf 83' lang='lat' dir='ltr'>nisi</span> <span class='ocrx_word' id='word_1_169' title='bbox 639 2521 735 2581; x_wconf 88' lang='lat' dir='ltr'>nescio</span> <span class='ocrx_word' id='word_1_170' title='bbox 755 2542 884 2603; x_wconf 88' lang='lat' dir='ltr'>quomo·</span> 
     </span>
     <span class='ocr_line' id='line_1_27' title="bbox 200 2598 883 2674; baseline 0.007 -18"><span class='ocrx_word' id='word_1_171' title='bbox 200 2599 270 2672; x_wconf 92' lang='lat' dir='ltr'>do,</span> <span class='ocrx_word' id='word_1_172' title='bbox 297 2602 403 2674; x_wconf 63' lang='lat' dir='ltr'>inique</span> <span class='ocrx_word' id='word_1_173' title='bbox 425 2598 543 2660; x_wconf 79' lang='lat' dir='ltr'>fortalle</span> <span class='ocrx_word' id='word_1_174' title='bbox 564 2646 573 2674; x_wconf 91' lang='lat'>,</span> <span class='ocrx_word' id='word_1_175' title='bbox 600 2603 709 2662; x_wconf 88' lang='lat' dir='ltr'>nollem</span> <span class='ocrx_word' id='word_1_176' title='bbox 723 2602 801 2662; x_wconf 91' lang='lat' dir='ltr'>-illud</span> <span class='ocrx_word' id='word_1_177' title='bbox 821 2604 883 2661; x_wconf 88' lang='lat' dir='ltr'>ullo</span> 
     </span>
     <span class='ocr_line' id='line_1_28' title="bbox 198 2680 882 2763; baseline 0 -25"><span class='ocrx_word' id='word_1_178' title='bbox 198 2681 337 2753; x_wconf 89' lang='lat' dir='ltr'>nomine,</span> <span class='ocrx_word' id='word_1_179' title='bbox 354 2683 411 2739; x_wconf 87' lang='lat' dir='ltr'>nisi</span> <span class='ocrx_word' id='word_1_180' title='bbox 424 2680 506 2753; x_wconf 88' lang='lat' dir='ltr'>fani,</span> <span class='ocrx_word' id='word_1_181' title='bbox 523 2701 539 2737; x_wconf 94' lang='lat' dir='ltr'>a</span> <span class='ocrx_word' id='word_1_182' title='bbox 560 2682 678 2759; x_wconf 91' lang='lat' dir='ltr'>pellari:</span> <span class='ocrx_word' id='word_1_183' title='bbox 694 2683 773 2763; x_wconf 86' lang='lat' dir='ltr'>quod</span> <span class='ocrx_word' id='word_1_184' title='bbox 785 2686 808 2740; x_wconf 87' lang='lat' dir='ltr'>si</span> <span class='ocrx_word' id='word_1_185' title='bbox 823 2702 882 2740; x_wconf 81' lang='lat' dir='ltr'>vo·</span> 
     </span>
     <span class='ocr_line' id='line_1_29' title="bbox 196 2761 886 2841; baseline -0.004 -23"><span class='ocrx_word' id='word_1_186' title='bbox 196 2761 308 2833; x_wconf 90' lang='lat' dir='ltr'>lumus,</span> <span class='ocrx_word' id='word_1_187' title='bbox 326 2780 436 2820; x_wconf 87' lang='lat' dir='ltr'>vereor</span> <span class='ocrx_word' id='word_1_188' title='bbox 453 2779 492 2818; x_wconf 89' lang='lat' dir='ltr'>ne</span> <span class='ocrx_word' id='word_1_189' title='bbox 510 2781 525 2817; x_wconf 88' lang='lat' dir='ltr'>a</span> <span class='ocrx_word' id='word_1_190' title='bbox 548 2764 615 2840; x_wconf 90' lang='lat' dir='ltr'>equi</span> <span class='ocrx_word' id='word_1_191' title='bbox 636 2783 696 2821; x_wconf 93' lang='lat' dir='ltr'>non</span> <span class='ocrx_word' id='word_1_192' title='bbox 714 2765 886 2841; x_wconf 85' lang='lat' dir='ltr'>possimus,</span> 
     </span>
     <span class='ocr_line' id='line_1_30' title="bbox 195 2837 887 2921; baseline 0.001 -24"><span class='ocrx_word' id='word_1_193' title='bbox 195 2843 249 2899; x_wconf 85' lang='lat' dir='ltr'>nisi</span> <span class='ocrx_word' id='word_1_194' title='bbox 273 2857 385 2900; x_wconf 87' lang='lat' dir='ltr'>mutato</span> <span class='ocrx_word' id='word_1_195' title='bbox 406 2841 487 2900; x_wconf 88' lang='lat' dir='ltr'>loco.</span> <span class='ocrx_word' id='word_1_196' title='bbox 506 2839 573 2899; x_wconf 90' lang='lat' dir='ltr'>Hoc</span> <span class='ocrx_word' id='word_1_197' title='bbox 591 2843 675 2921; x_wconf 86' lang='lat' dir='ltr'>quale</span> <span class='ocrx_word' id='word_1_198' title='bbox 695 2845 751 2911; x_wconf 86' lang='lat' dir='ltr'>sit,</span> <span class='ocrx_word' id='word_1_199' title='bbox 769 2837 887 2918; x_wconf 86' lang='lat' dir='ltr'>quaeso,</span> 
     </span>
     <span class='ocr_line' id='line_1_31' title="bbox 198 2919 883 2997; baseline -0.001 -19"><span class='ocrx_word' id='word_1_200' title='bbox 198 2919 370 2981; x_wconf 82' lang='lat' dir='ltr'>considera:</span> <span class='ocrx_word' id='word_1_201' title='bbox 387 2940 459 2980; x_wconf 91' lang='lat' dir='ltr'>nam</span> <span class='ocrx_word' id='word_1_202' title='bbox 479 2921 535 2979; x_wconf 88' lang='lat' dir='ltr'>etsi</span> <span class='ocrx_word' id='word_1_203' title='bbox 555 2922 647 2981; x_wconf 73' lang='lat' dir='ltr'>minus</span> <span class='ocrx_word' id='word_1_204' title='bbox 666 2940 791 2997; x_wconf 76' lang='lat' dir='ltr'>urgeor,</span> <span class='ocrx_word' id='word_1_205' title='bbox 815 2939 883 2981; x_wconf 87' lang='lat' dir='ltr'>me-</span> 
     </span>
     <span class='ocr_line' id='line_1_32' title="bbox 684 2996 766 3074; baseline -0.049 -18"><span class='ocrx_word' id='word_1_206' title='bbox 684 2999 715 3056; x_wconf 82' lang='lat' dir='ltr'>D</span> <span class='ocrx_word' id='word_1_207' title='bbox 738 2996 766 3074; x_wconf 55' lang='grc' dir='ltr'>ἰῇ</span> 
     </span>
    </p>
   </div>
   <div class='ocr_carea' id='block_1_5' title="bbox 0 0 1078 3784">
    <p class='ocr_par' dir='ltr' id='par_1_5' title="bbox 0 0 1078 3784">
     <span class='ocr_line' id='line_1_33' title="bbox 0 0 1078 3784; baseline 0 0"><span class='ocrx_word' id='word_1_208' title='bbox 0 0 1078 3784; x_wconf 95' lang='lat' dir='ltr'> </span> 
     </span>
    </p>
   </div>
  </div>
 </body>
</html>
