2125 3784
305 387 361 431 rr
393 371 724 433 Connrcrnna.
800 370 856 454 333

200 470 271 525 lbid.
290 446 333 531 2ςῖ
358 474 430 523 Fullo
457 476 622 526 carbonarius.
647 472 806 524 Proverbium
834 477 860 525 in

166 564 246 605 eum,
265 547 306 612 qui
324 548 381 595 dum
399 546 478 599 studet
493 566 545 600 rem
561 549 685 600 meliorem
701 548 783 598 facere
800 581 808 607 ,
826 549 861 599 fa·

166 620 202 675 cit
220 620 380 671 deteriorem.

204 709 284 753 202,
304 709 349 743 2ο.
371 690 467 744 Persice
485 694 602 762 porticus.
624 691 677 743 Fuit
697 694 759 759 apud
778 693 858 745 Lace·

166 767 307 819 daernonios
324 767 432 832 porticus
450 767 521 833 hujus
540 768 663 827 nominis,
681 783 749 832 quam
764 766 860 819 sustine·

166 844 255 897 bont,
274 839 345 890 instar
363 842 550 901 columnarum,
571 841 653 890 statuae
673 840 760 889 ducum
776 840 863 891 Persa-

167 932 249 974 rum,
271 930 333 981 quos
349 912 432 964 Graeci
450 915 571 965 vicerant.
587 914 675 963 Brutus
694 911 718 961 in
737 912 779 962 suo
797 913 861 964 Tus·

169 989 265 1041 culnno
288 986 397 1051 ejusdem
420 988 522 1039 nominis
544 989 665 1053 porticum
690 984 862 1047 exstruxerat,

170 1078 247 1131 qnam
268 1059 333 1111 fort&
349 1061 456 1111 alluebat
476 1061 567 1114 rivulus
583 1095 592 1118 ,
613 1078 685 1129 quem
702 1059 795 1110 dixerat
813 1059 865 1110 Ειι-

173 1149 268 1187 mmm·

213 1206 280 1257 lbid.
302 1219 345 1271 29.
369 1204 479 1273 Difficili
496 1208 529 1255 ad
545 1205 716 1256 consiliandum
735 1205 867 1274 legatione.

176 1280 272 1331 Brutus
294 1280 318 1329 in
341 1281 408 1331 snum
440 1280 589 1330 Lanuuinum
616 1280 726 1329 Atticum
750 1279 867 1330 invitarat

175 1354 213 1405 nd
238 1353 411 1404 consiliandum
437 1371 491 1404 cum
517 1354 609 1405 amicis.
634 1354 662 1403 ld
680 1364 754 1403 vocat
775 1351 868 1403 Cicero

177 1427 350 1495 legationem,
367 1443 437 1493 quam
453 1440 534 1476 tamen
548 1427 645 1477 Atticus
659 1460 667 1486 ,
682 1427 723 1492 qui
736 1426 829 1494 semper
840 1426 867 1478 se

178 1500 302 1553 cratibus
319 1500 425 1551 consiliis
442 1500 600 1560 removisset,
618 1516 667 1550 non
683 1499 753 1550 obiit.

220 1586 272 1639 203
286 1605 294 1631 ,
310 1587 356 1638 23.
377 1573 469 1623 Dionis
484 1574 583 1641 legatio.
602 1573 760 1623 Proverbium
775 1572 806 1622 de
824 1573 871 1621 be·

176 1644 273 1699 aeficio
282 1646 307 1697 in
318 1648 487 1698 contumeliam
498 1649 589 1697 collato
602 1680 609 1705 ,
624 1646 680 1696 inde
691 1658 773 1695 natum
785 1677 793 1702 ‚
806 1644 872 1709 quud

179 1720 324 1789 Dionysius
339 1734 456 1789 tyrannus
474 1720 582 1770 Dionem
600 1719 646 1770 sibi
659 1721 691 1769 ob
707 1719 822 1767 virtutem
833 1716 872 1766 su-

181 1794 313 1861 spedtum,
333 1793 413 1862 specie
434 1794 600 1844 obeundarum
623 1795 671 1842 huc
690 1793 749 1841 illuc
769 1790 875 1856 legatio-

182 1884 262 1927 num,
280 1870 368 1934 procul
384 1869 412 1917 ab
428 1867 475 1924 se,
497 1868 523 1919 ὅ(
541 1885 554 1916 a
574 1867 653 1917 Sicilia
669 1864 820 1914 amandabat.

227 1957 280 2003 204
297 1975 306 2001 ,
325 1956 366 1991 12.
383 1941 441 1991 Nisi
458 1956 483 1989 ut
496 1938 580 2008 salvos
597 1939 649 2007 effe.
668 1939 759 2004 Supple
777 1937 876 1990 liceret.

185 2012 281 2066 Manet
297 2015 362 2067 frid.
386 2015 547 2073 Gronovius,
562 2015 608 2064 nisi
626 2029 651 2061 ur
665 2008 741 2078 saluis
758 2008 811 2075 effe.

229 2102 279 2150 205
298 2120 308 2147 ‚
329 2103 352 2138 1.
370 2088 570 2153 Decimumque...
591 2083 723 2152 accusabat.
741 2084 764 2134 Is
780 2081 877 2134 obstite·

184 2173 254 2217 nt,
273 2178 304 2211 ne
320 2160 442 2211 Antonius
460 2178 515 2210 cum
536 2161 629 2210 Caesare
647 2159 813 2209 occideretur.

232 2233 294 2283 ibid.
318 2232 362 2284 26.
386 2235 424 2283 An
453 2234 525 2300 igitur
548 2235 595 2284 iter
616 2235 664 2283 hoc
686 2232 814 2299 quidquam
834 2228 879 2281 tibi

185 2304 309 2375 prodest,
327 2306 369 2374 qui
386 2308 510 2357 oraculum
529 2305 651 2356 consulis?

235 2379 308 2439 206,
334 2396 361 2441 4.
382 2381 415 2429 A.
434 2382 457 2429 d.
476 2394 509 2430 ιν
530 2381 616 2429 Nonas
636 2377 743 2443 Apriles.
763 2375 881 2427 Ultimam

194 2466 286 2502 vocem
310 2452 373 2503 mald
399 2454 544 2502 inculcatam
570 2469 582 2500 a
610 2450 710 2500 librariis
737 2450 883 2502 delevimus·

194 2522 293 2590 Scripta
311 2526 345 2575 ost
364 2527 417 2577 baec
438 2526 538 2592 epistola
556 2525 635 2574 mense
653 2523 737 2574 Junio.

239 2597 297 2651 lbid.
316 2598 358 2649 ι6.
376 2598 439 2663 Quae
453 2600 507 2650 sunt
517 2600 573 2649 mali
586 2598 669 2650 ominis
689 2598 730 2649 18.
745 2596 776 2647 Et
787 2595 884 2663 quidem

197 2669 272 2721 valde
287 2674 378 2741 gravis.
588 2731 590 2739 Ι

244 2758 311 2808 207,
335 2760 363 2810 9.
380 2746 475 2797 Horum
492 2748 586 2813 culpam
603 2746 655 2813 quis
671 2745 800 2795 Brutorum
820 2736 888 2790 susti·

208 2816 276 2867 uer}
296 2833 337 2871 ιι.
358 2820 465 2871 Heroas.
484 2818 694 2881 14.1nssiturioni.

246 2888 304 2944 lbid.
324 2894 366 2944 18.
386 2893 416 2944 Si
435 2894 544 2962 praecipit
564 2893 665 2956 nostro,
684 2887 777 2950 nostris.
796 2885 888 2950 Supple

212 2960 307 3019 wicun
323 2967 371 3021 eise
388 2968 465 3022 Bruto
484 2967 584 3029 nostro,
605 2963 690 3021 nostris
704 2960 828 3015 heroibus.
850 2959 889 3012 lta
