2125 3784
234 353 299 412 ἰιι
320 345 528 414 Arrrcvm
544 343 633 414 Lm.
644 345 736 416 XII.
766 349 812 438 67

126 455 318 534 existimem)
341 457 451 518 levatio
474 457 607 538 quaedam
627 457 694 534 est,
715 462 739 519 si
757 463 818 522 mi-

126 540 182 598 nirs
214 537 351 611 dosoris,
369 553 401 599 at
419 535 507 599 officii
527 537 628 599 debiti.
649 537 699 600 Ad
722 537 818 603 sicam

126 617 250 696 scripsi,
265 617 489 696 prodromi.
502 615 611 679 Cotti:
628 622 653 680 si
665 619 735 696 nihil
748 643 820 683 corr·

130 695 266 759 ficeretur
284 697 321 758 de
338 697 579 773 Traoffibcrinis,
598 698 687 762 habet
707 703 737 761 in
755 700 818 763 Os·

130 778 218 838 riensi
228 774 334 841 ‚Cotta
348 778 540 843 celeberrimo
556 780 625 841 loco
635 825 652 856 ,.
661 780 713 841 sed
727 782 819 862 pusil-

130 857 193 917 lum
211 858 288 929 loci:
308 860 346 923 ad
363 860 437 921 hanc
451 880 514 922 rem
535 878 634 920 tamen
649 861 714 943 plus
730 864 819 924 etiam

130 937 219 998 satis:
242 939 274 1000 id
294 940 385 1002 velim
408 943 551 1022 cogites,
575 961 631 1002 nec
649 959 749 1002 tamen
767 942 818 1004 ista

129 1021 223 1098 pretia
232 1021 385 1081 hortorum
395 1021 589 1101 pertimuerit.
601 1020 667 1082 Nec
677 1023 749 1082 mihi
758 1020 817 1101 jam

129 1119 275 1181 argento,
291 1120 346 1160 rrec
365 1098 447 1162 veste
459 1121 534 1181 opus
547 1099 607 1172 est,
625 1122 681 1163 nec
721 1103 819 1164 uibus-

129 1200 219 1259 quam
237 1183 361 1240 amoenis
380 1182 473 1242 locis:
487 1181 547 1241 hoc
559 1201 634 1261 opus
646 1180 698 1242 est.
748 1183 817 1244 ideo

128 1279 242 1334 ettam,
260 1282 277 1320 a
294 1260 396 1341 quibus
413 1259 546 1340 adjuvari
561 1263 683 1342 possim.
701 1260 759 1323 Sed
775 1264 819 1324 lo·
912 1280 914 1282 ·

129 1360 221 1418 quere
244 1360 315 1402 cum
331 1340 403 1403 Silio
416 1363 426 1415 3
450 1342 522 1403 nihii
542 1343 621 1402 enirn
639 1341 681 1403 est
696 1342 820 1404 meliust

132 1421 269 1482 mandari
289 1424 378 1484 etiam
397 1422 495 1484 Sica:
520 1422 690 1501 rescripsit,
708 1421 819 1484 consti-

132 1516 229 1559 tutum
245 1500 273 1560 se
287 1522 355 1562 cum
371 1523 408 1563 eo
426 1503 546 1563 habere.
557 1501 668 1563 Scribat
681 1503 768 1585 igitur
780 1503 818 1566 ad

135 1598 185 1638 mc
203 1622 213 1651 ,
229 1579 299 1657 quid
316 1585 427 1661 egerit,
449 1583 505 1657 &,
522 1598 556 1639 tu
570 1581 696 1643 ridebis.

249 1693 412 1757 Crc'eao
443 1694 610 1755 Arrsco
638 1695 724 1757 Sar.

113 1877 116 1881 ,
135 1783 298 1894 243er
314 1815 387 1878 fecit
402 1817 441 1876 A.
452 1815 563 1891 Silius,
580 1817 630 1896 qui
641 1811 826 1894 transegerit3

131 1919 228 2038 saepsere
246 1899 325 1958 enim
348 1899 376 1956 ei
392 1895 488 1958 deesse
508 1896 668 1969 volebam,
684 1895 735 1966 ἃ,
750 1894 821 1974 quid

130 1999 244 2122 sciri?
254 1974 611 2139 ’Dimcffississ
620 1971 821 2134 ,issimi

131 2143 242 2203 detur:
267 2139 317 2200 sed
342 2159 470 2221 quarto,
494 2138 577 2220 quod
600 2137 643 2199 illi
665 2157 740 2216 opus
763 2138 818 2198 erit

130 2222 276 2294 Athenis,
287 2222 482 2300 permutarine
491 2222 603 2300 possit,
614 2240 651 2279 an
660 2219 717 2297 ipsi
724 2215 821 2276 seren·

133 2303 205 2364 dum
226 2303 284 2373 sit;
303 2301 340 2360 de
360 2318 481 2381 totaque
501 2320 531 2360 re
549 2297 820 2381 quemadmodum,

132 2385 166 2442 &
177 2381 298 2463 quando
317 2381 552 2460 placeat,relim
570 2378 747 2440 consideres.
757 2376 819 2438 Pu-

130 2463 208 2525 blius
222 2459 348 2521 itumsne
365 2463 401 2519 sit
416 2462 447 2519 in
464 2459 616 2533 Africam,
633 2459 665 2520 &
680 2457 820 2538 quando,

134 2563 173 2604 ex
185 2541 299 2602 Aledio
316 2539 388 2600 scire
402 2539 526 2619 poteris:
539 2559 646 2620 quares
656 2584 667 2613 ,
678 2539 710 2599 δι’
720 2540 756 2600 ad
768 2558 817 2601 me

132 2622 240 2684 scribas
256 2621 356 2682 velim.
374 2619 411 2682 Et
428 2636 461 2681 ut
480 2621 517 2681 ad
536 2641 614 2682 meas
632 2623 679 2682 ine
702 2623 754 2686 tias
767 2639 815 2678 re-

134 2704 221 2764 deam
234 2747 243 2775 ,
256 2703 345 2762 velim
359 2723 407 2763 me
423 2704 577 2763 certiorem
588 2701 674 2761 facias
682 2642 718 2760 ἵ).
731 2697 818 2759 Cras-

136 2784 179 2845 sus
198 2829 209 2858 ,
228 2782 380 2844 Venuleiae
402 2781 476 2845 filius
494 2828 506 2858 ,
524 2785 636 2844 vivone
661 2780 694 2840 P.
715 2774 817 2838 Crasso

140 2858 294 2940 corisulari,
313 2882 395 2947 patre
409 2864 460 2928 suo
472 2879 629 2944 „mortuus
642 2863 698 2933 sit,
716 2875 749 2919 ut
760 2875 823 2938 ego
