2125 3784
269 269 323 315 rr
349 254 676 315 Connrcnnna.
764 269 825 331 3¹7

170 352 239 405 lbid.
254 369 297 405 12.
309 354 409 406 cunii.
419 356 504 407 Placet
516 357 595 407 fanum
608 356 636 406 ei
647 355 723 406 sormi
734 390 742 416 ,
753 376 825 425 quam

131 428 251 481 Cluatius
269 427 405 492 descripsit.

171 501 238 551 ibid.
256 514 299 566 30.
320 500 393 572 Quod
408 519 471 552 eram
485 502 583 554 veritus.
598 501 663 557 Vide
679 502 748 570 supti
765 521 825 572 epp.

136 588 171 627 10
185 575 212 625 δι
226 588 270 624 ιι.
714 604 716 609 -

175 648 231 711 58,
250 662 295 698 21.
315 646 358 697 De
375 647 479 697 Antonii
495 649 607 698 adventu.
622 648 687 703 Vide
704 648 766 701 Phil.
787 666 825 711 2,

136 721 309 788 30‚31&c.

176 807 232 858 59,
254 809 279 858 5.
296 792 339 843 Dc
357 807 452 861 nepote.
470 793 511 844 De
530 810 608 861 puero
624 793 731 846 Lentulo
746 828 754 853 ,
768 795 827 847 Do·

137 868 234 917 labellae
252 866 279 917 &
292 866 380 916 Tuiiiae
397 867 458 919 filio.
766 912 768 917 .

176 940 211 989 60
225 972 233 998 ‚
250 955 294 999 24.
311 939 355 989 De
369 940 478 1004 judicatu
493 957 555 989 meo.
571 939 613 990 De
628 957 685 991 meo
696 938 778 991 officio
789 940 829 1005 ju·

139 1012 255 1077 dicandi.
267 1029 297 1062 ne
311 1028 413 1079 propter
428 1013 455 1061 id
473 1013 556 1062 Romae
567 1030 605 1062 me
620 1013 667 1063 effe
680 1015 774 1063 necesse
785 1016 829 1065 sit.

179 1087 211 1135 61
226 1117 234 1144 ‚
252 1083 293 1135 16.
308 1084 364 1135 Hoc
377 1086 486 1135 aiterum.
504 1085 580 1148 Quod
597 1103 683 1152 nempe
699 1088 764 1137 dicat
778 1088 830 1138 Te·

141 1158 220 1210 tentia
233 1158 258 1208 ie
268 1158 298 1209 de
313 1176 340 1209 te
358 1157 401 1209 iiiii
417 1160 535 1226 cogitare.

176 1232 234 1290 62.
255 1246 297 1293 14.
314 1232 373 1282 Non
385 1234 506 1299 pudenter.
521 1233 578 1280 Non
593 1231 647 1282 satis
664 1230 779 1282 modesti.
791 1231 828 1283 ita

140 1322 158 1359 e
170 1306 258 1356 codice
277 1304 408 1357 Baliolensi
423 1305 535 1357 Gtaevius
554 1306 581 1357 &
600 1305 762 1374 Mongaltius.
775 1307 827 1356 Alii

141 1396 190 1429 non
205 1379 345 1448 prudenter.

177 1452 210 1516 63
225 1486 234 1510 ,
253 1467 297 1502 11.
308 1454 331 1503 A
347 1452 437 1502 Ranio.
450 1452 532 1516 Quem
543 1450 639 1503 scribam
650 1454 736 1503 volunt
745 1450 827 1509 iuiffe.

178 1526 243 1576 ibid.
269 1540 311 1588 15.
334 1526 383 1576 Res
401 1526 474 1576 cedit.
494 1524 600 1575 Pecunia
618 1525 698 1575 debita
717 1525 830 1575 solvitur.

141 1598 180 1651 lta
198 1598 326 1650 Manutius
343 1616 388 1666 pro
407 1599 509 1666 vulgato
531 1597 638 1656 recedit,
654 1599 678 1648 in
690 1612 742 1664 ¹quo
760 1613 832 1647 men·

141 1672 201 1723 dum
210 1670 343 1739 agnoscunt
354 1671 495 1729 Viuorius,
512 1670 641 1720 Lambinus
653 1704 660 1729 ,
674 1670 768 1735 Lipsius
778 1671 832 1722 uc.

182 1743 229 1806 64.
247 1759 276 1809 ς.
289 1746 340 1795 Aue
355 1759 467 1813 quatenus
484 1762 523 1793 eos
545 1744 600 1794 miii
618 1746 753 1794 concedere.
770 1744 834 1795 Haec

141 1819 220 1872 verba
233 1816 332 1869 insititin
351 1819 377 1870 δι
394 1818 497 1870 delenda
514 1819 598 1869 censet
617 1817 738 1868 Graeviur.

179 1890 245 1943 lbid.
257 1892 302 1945 28.
317 1890 411 1943 scribes
425 1895 457 1943 ad
470 1909 505 1944 me
518 1927 525 1952 ,
546 1889 680 1960 quumscics
691 1908 700 1942 .·
709 1889 753 1959 sed
763 1890 832 1958 qudnr

140 1964 267 2035 prinnini,
291 1984 344 2016 num
361 1966 447 2016 Clodia
465 1967 511 2016 ue.
536 1967 572 2015 lta
590 1968 659 2017 locus
677 1963 835 2017 scribitur&

144 2039 297 2108 distinguitur
310 2039 335 2089 in
353 2039 426 2106 regiis
443 2038 576 2090 codicibus.

182 2113 217 2175 65
230 2145 239 2172 ‚
258 2127 284 2177 9.
294 2113 352 2163 Nun
362 2114 418 2182 plus
433 2131 526 2163 annum.
538 2114 628 2163 Mallet
639 2113 751 2164 Graeuius
763 2145 771 2171 ,
784 2128 833 2161 non

140 2186 200 2255 plus
215 2186 303 2236 annud.

184 2258 240 2318 66,
256 2274 283 2310 2.
299 2257 336 2310 Ur
347 2275 435 2328 prater
448 2277 493 2309 me.
509 2258 623 2308 Manutio
641 2258 666 2307 &
681 2255 764 2321 Lipsio
785 2273 834 2305 ma-

144 2330 184 2400 gis
204 2333 295 2403 arridet
310 2365 318 2392 ,
334 2349 360 2382 ur
375 2347 462 2401 prater
477 2349 500 2382 re
517 2365 525 2390 ‚
546 2332 619 2398 idque
636 2331 735 2398 vulgato
753 2330 835 2395 aptius

145 2408 174 2457 δι
191 2406 333 2457 concinnius
349 2407 454 2457 videtur.

183 2478 249 2529 ibid.
261 2495 288 2543 7.
302 2478 403 2540 Molesti
416 2475 482 2545 funt.
501 2478 597 2543 Nempe
621 2476 750 2527 Caesariani
767 2509 774 2533 ‚
795 2473 838 2539 qui

143 2568 186 2603 me
209 2552 236 2601 in
258 2555 366 2603 senatum
381 2564 492 2612 vocant,
513 2552 538 2602 u
554 2549 666 2602 intereffe
686 2551 772 2598 volunt
789 2546 837 2596 suis

145 2624 260 2677 consiliis
277 2625 308 2675 de
326 2626 460 2691 republica.

184 2698 249 2749 lbid.
270 2713 313 2783 12.
328 2699 386 2783 Viri
400 2698 527 2784 mediandae
542 2695 682 2763 reipublicae
698 2691 780 2759 periti.
797 2689 839 2740 Ex

146 2770 308 2911 Αρὲζίἰᾶῗῗ.
321 2771 535 2905 ἒῖιξιιιιέῂῗὶςᾶιῦἱι.
551 2839 636 2911 Vulgi>
652 2840 675 2889 6·
693 2852 718 2887 nr
733 2852 759 2887 tn
775 2836 840 2888 vidr-

657 2913 682 2966 O
702 2911 730 2979 iij
