2125 3784
187 403 248 468 344
429 362 685 447 laon*

180 489 278 540 stridere
298 486 454 553 eloquentiae.
477 485 552 536 Rosc.
571 485 605 538 A.
628 498 672 551 35.
693 488 874 539 accomodare

177 560 340 630 jusjurandum
365 555 432 625 suurn
457 562 490 608 ad
511 559 611 624 alicujus
634 558 818 621 testimonium,
842 561 871 613 tle

183 634 305 702 judicibus
326 630 474 689 invidiose.
499 649 573 700 quum
594 631 694 683 testibus
717 633 821 684 incertis
847 634 871 686 ᾱ

183 707 272 759 nultius
286 704 344 754 fidei
366 705 492 766 creduut,
519 706 545 757 δι
571 722 604 756 ex
622 720 710 757 eorum
726 706 870 759 'testimonio

184 778 354 847 pronuntiant.

220 851 404 903 Accusnron
412 849 445 901 est
451 850 550 917 proprie
557 849 582 901 in
591 849 660 901 causa
667 851 783 916 publica,
796 851 871 918 inpri-

183 935 240 976 πίε
256 936 339 976 autern
351 925 460 992 petitor:
472 925 594 974 interdum
608 936 692 974 tamen
704 943 752 991 pro
767 926 871 992 petitore

183 997 282 1048 dicitur.
300 998 375 1051 Verr.
393 1011 429 1056 2,
450 1011 473 1047 1.
485 997 570 1066 finnus
588 993 724 1065 uersatur.
746 997 822 1051 Rolc.
841 998 871 1049 A.

189 1085 232 1136 19.
249 1085 325 1120 certus
340 1066 471 1137 accusator·

222 1142 317 1194 Aera.
327 1143 396 1195 litut.
408 1158 453 1204 72.
463 1141 588 1192 acerrimus
596 1141 742 1204 aeflirnrror,
752 1142 771 1194 i.
784 1160 809 1195 e.
820 1161 869 1209 per·

187 1215 369 1282 (pientissimus.
392 1213 454 1266 Offi.
474 1230 484 1264 1
507 1249 514 1274 ‚
537 1231 563 1277 4.
579 1215 601 1265 ri
617 1232 683 1264 acres
700 1234 730 1265 ar
750 1217 871 1285 diligenter

190 1286 399 1355 offeruimus...
415 1305 500 1355 magna
516 1284 578 1355 saepe
596 1287 758 1356 intelligemus
775 1307 805 1340 re
820 1308 870 1357 par·
899 1304 901 1311 ·

190 1361 238 1413 ris.
260 1360 333 1412 Rose.
360 1359 392 1410 A.
415 1375 440 1422 5.
458 1359 524 1409 acria
550 1377 578 1409 ac
594 1357 678 1427 severa
689 1360 797 1428 judicio.
816 1363 871 1414 ibid.

191 1450 259 1483 acret
276 1451 364 1492 canes,
382 1433 423 1500 qui
440 1449 524 1484 omnes
544 1435 665 1492 allatrant.

227 1506 365 1558 Actaeus
373 1539 382 1565 ‚
391 1508 517 1574 eleganter
532 1506 620 1556 dicitur
630 1506 661 1557 de
671 1523 703 1556 eo
716 1541 725 1563 ‚
738 1507 781 1574 qui
795 1507 820 1559 io
831 1507 874 1558 eri·

129 1611 134 1615 -
191 1580 273 1649 gendo
287 1581 388 1639 labore.
403 1580 491 1638 usura,
506 1579 635 1637 mercede,
652 1593 694 1629 aut
706 1581 753 1630 alia
767 1599 873 1648 quarunt·

190 1670 241 1719 que
262 1670 308 1712 re,
325 1653 395 1703 nimis
419 1653 493 1703 durus
511 1651 566 1710 eil,
584 1652 644 1702 nihil
660 1668 743 1719 neque
765 1655 798 1705 de
816 1668 874 1704 tern-

191 1744 273 1792 pore,
291 1742 370 1792 neque
388 1725 418 1776 tle
436 1742 463 1777 re
481 1726 592 1776 remittit.
609 1724 718 1785 litt-6,
741 1742 763 1776 ι.
778 1727 873 1778 acerbis·

183 1799 244 1850 timi
261 1797 425 1866 faeneratores.
438 1800 517 1851 ,Balb.
536 1813 561 1858 5.
579 1797 729 1848 acerbissima
746 1800 873 1868 diligentia.

191 1875 207 1906 ⁴
220 1871 343 1923 Crudelis.
361 1873 436 1923 Verr.
458 1886 493 1934 5,
514 1871 557 1936 38.
575 1869 660 1921 acerba
678 1889 752 1922 mors.
772 1877 787 1906 ²*
806 1873 873 1924 Prot.

191 1943 269 1993 Cons.
298 1958 339 2004 14.
360 1962 397 1994 rer
417 1944 504 1994 arerlae
527 1945 662 2003 dicuntur,
684 1945 703 1994 i.
725 1962 750 1995 e.
771 1947 872 1996 nondun

190 2014 263 2083 planl
282 2015 423 2081 compositae
443 2017 469 2068 ὅ(
483 2030 586 2082 pacatae.

227 2088 364 2139 Acritan.
381 2087 442 2156 Leg.
459 2105 495 2147 2,
514 2104 558 2150 ²4·
578 2089 618 2141 Est
636 2090 799 2142 thuribulum.

228 2162 411 2218 Acantustu,
424 2162 575 2228 genuspiscis
591 2197 597 2220 ‚
613 2165 678 2228 quod
689 2164 715 2212 in
725 2163 821 2214 deliciis
830 2162 876 2214 Ro·

192 2250 236 2284 rnae
251 2244 323 2291 erat,
340 2250 475 2301 magnoque
493 2236 573 2299 pretio
588 2236 751 2287 vendebatur.

229 2307 877 2376 Acnnrornonuntfflin.3‚4.genusvasisvinatii.

228 2380 406 2434 Acunum.
419 2381 478 2432 Diu.
494 2397 504 2432 r
519 2416 528 2443 ,
545 2381 571 2433 8.
589 2382 628 2432 Est
644 2383 720 2433 ulula.
735 2383 785 2434 Alii
799 2399 877 2435 ranam

190 2465 287 2518 putant.

227 2527 527 2592 Acn1CULUS·Tusc.3,
541 2527 708 2592 17.acr1'ctrlur
715 2526 792 2596 sem
801 2527 878 2585 Zeno,

192 2599 234 2665 qui
253 2598 323 2650 lacil'e
341 2601 496 2650 irascebatur.

228 2671 400 2731 Acronum,
413 2672 501 2724 Graec'e
511 2673 657 2723 auditionem
670 2672 812 2741 significato
831 2675 878 2725 La·

192 2745 236 2796 tiri
253 2747 366 2812 usurpant
388 2762 432 2811 pro
457 2745 539 2795 festiva
563 2748 719 2805 narratione,
742 2749 769 2799 δι
784 2765 833 2814 pro
851 2763 880 2797 eo

191 2819 251 2869 item
271 2852 279 2877 ,
302 2819 342 2885 qui
362 2818 445 2869 festivi
463 2819 601 2869 narratione
626 2820 767 2869 auditorum
789 2821 881 2871 animos

192 2893 321 2943 exhilarat.
341 2893 414 2942 Tales
433 2893 574 2957 plerumque
592 2892 772 2943 adhibebantur
792 2895 818 2943 in
842 2895 881 2942 lo»

193 2966 315 3029 cupierunt
332 2967 468 3025 conviviis,
484 2966 559 3031 iisque
577 2967 676 3017 corollae
693 2967 747 3018 dari
761 2967 881 3022 solebant.
