2125 3784
252 424 322 476 200
419 401 727 469 Enterozrr

250 515 346 577 &ille
368 514 489 596 quidem
508 513 627 597 periculi
646 512 759 587 causa,
783 510 868 597 quod
888 512 940 577 sibi

249 600 336 658 etiam
355 594 435 658 fuiffe
457 596 546 670 dicir3
563 615 620 692 ego
641 612 739 657 autem
759 639 770 669 ‚
798 596 890 657 eriam
910 612 941 659 ur

250 678 360 738 nullum
382 677 543 759 periculum
567 695 630 738 sit:
653 693 766 738 tanturn
786 674 869 738 abest
884 722 896 753 ,
911 694 942 741 ut

249 760 375 820 Antonii
395 759 585 848 suspicionem
603 755 704 840 fugere
724 779 803 818 nunc
822 776 941 833 curem,

250 860 287 900 ne
305 841 407 902 videar
423 861 485 916 erus
501 839 632 900 secundis
649 840 736 900 rebus
759 860 822 899 non
838 839 943 901 delec-

250 923 305 980 tari
321 967 330 997 ,
347 938 379 982 ur
399 922 470 982 mibi
485 920 566 981 causa
581 921 618 980 sit
636 962 646 993 ‚
667 940 718 980 cur
734 918 867 981 Romam
886 938 942 983 ve·

251 1008 311 1062 nire
332 1003 450 1076 nolim,
473 1022 510 1063 ne
525 1002 607 1062 illurn
623 1001 751 1062 videam.
770 1000 873 1063 Varro
893 1022 942 1064 au·

252 1103 313 1144 tem
334 1081 429 1146 noster
447 1082 484 1144 ad
501 1103 550 1144 me
568 1079 718 1164 epistolam
738 1083 844 1157 misit,
863 1082 942 1145 sibia

252 1164 419 1247 nescioquo
432 1162 541 1224 rniss'am
559 1162 572 1245 (
589 1183 698 1223 nornen
714 1164 795 1222 enim
807 1162 939 1238 delerat)

255 1247 284 1305 in
303 1267 359 1326 qua
377 1246 512 1325 scriptum
531 1261 615 1318 erat,
633 1260 791 1305 veteranos
802 1262 855 1304 eos
869 1288 879 1317 ,
894 1244 942 1327 qui

256 1324 419 1403 rejiciantur
438 1325 452 1407 (
471 1347 539 1385 nani
561 1342 674 1406 partem
694 1322 751 1386 effe
773 1322 942 1398 dimitiam)

254 1407 468 1486 improbissime
493 1406 595 1487 loqui3
615 1424 646 1469 ut
673 1426 782 1488 magno
812 1404 943 1488 periculo

256 1486 361 1546 Romae
384 1490 440 1548 sint
464 1485 576 1562 futuri,
600 1489 649 1567 qui
667 1489 703 1548 ab
722 1506 828 1548 eorum
850 1488 945 1569 parti·

254 1567 309 1628 bus
330 1565 473 1630 dissentire
491 1570 655 1630 videantur.
675 1567 741 1648 Qui
761 1569 852 1648 porrb
873 1566 944 1629 nos·

256 1666 301 1708 ter
321 1651 376 1710 itus
396 1696 406 1723 ‚
425 1650 557 1724 reditus,
579 1649 674 1711 vultus
693 1694 703 1722 ,
725 1646 847 1709 incessus
868 1650 945 1709 iuter

255 1729 346 1791 istos?
365 1729 459 1810 Qubd
477 1733 501 1789 si
520 1775 530 1804 ,
552 1749 583 1790 ut
604 1730 723 1801 scribis,
740 1727 772 1788 1..
795 1727 943 1791 Antonius

255 1813 284 1869 in
297 1810 472 1885 Decimum,
486 1812 589 1893 reliqui
604 1813 633 1870 in
651 1808 784 1880 nostros;
803 1830 862 1892 ego
872 1810 944 1891 quid

255 1892 384 1952 faciant?
403 1910 451 1952 aut
466 1913 525 1972 quo
545 1913 593 1952 nte
613 1889 696 1972 padio
718 1910 819 1971 geram
836 1892 847 1950 i
866 1888 943 1950 Mihi

254 1975 328 2033 verb
339 1973 529 2033 deliberatum
542 1971 583 2033 est
596 2016 605 2045 ‚
620 1990 652 2033 ut
664 1992 739 2032 nunc
751 1971 872 2051 quidem
885 1970 944 2047 est,

253 2051 348 2112 abesse
364 2072 400 2113 ex
417 2073 452 2114 ea
471 2054 566 2128 urbe,
586 2056 614 2113 in
631 2075 687 2135 qua
703 2073 764 2113 non
780 2053 874 2114 modb
887 2053 945 2115 flo-

253 2135 296 2192 rui
311 2154 377 2194 cum
393 2134 502 2195 summa
512 2135 641 2211 „verbm
658 2138 743 2196 etiam
758 2133 866 2197 servivi
877 2154 945 2196 cum

253 2213 348 2293 aliqua
369 2214 529 2298 dignitate3
548 2235 602 2278 nec
621 2236 682 2277 tarn
700 2213 781 2276 statui
803 2235 840 2276 ex
862 2214 944 2279 Italia

198 2313 202 2321 ·
253 2298 355 2372 exire,
374 2297 410 2359 de
436 2318 496 2379 quo
521 2318 619 2361 return
643 2297 836 2373 deliberabo,
856 2297 948 2385 quim

252 2373 320 2438 istuc
339 2400 400 2439 non
421 2383 532 2442 venire.

365 2497 529 2563 Crcerto
559 2498 729 2560 Arrrco
757 2495 851 2561 Sur.

255 2637 284 2695 7·
350 2638 440 2683 uum
458 2622 560 2681 adme
579 2620 683 2681 Brutus
702 2617 799 2680 noster
817 2618 945 2701 scripsis-

252 2700 295 2762 set
368 2702 505 2772 Cassius,
523 2721 555 2761 ut
574 2701 725 2775 Hirtium,
744 2721 834 2784 quem
849 2700 943 2760 adhuc

253 2782 364 2845 bonum
384 2782 464 2844 fuisse
483 2782 631 2855 sciebant,
649 2801 745 2863 neque
764 2802 833 2844 eum
849 2777 944 2840 confi·

251 2863 360 2926 debant
371 2861 453 2937 fore,
467 2863 534 2923 mei
550 2862 718 2924 audioritate
729 2865 881 2924 meliorem
895 2859 944 2921 fa-

250 2964 348 3006 cerem
363 2943 377 3031 (
392 2944 524 3007 Antonio
535 2943 576 3007 est
587 2947 666 3008 enim
682 2942 797 3007 fortasse
816 2943 918 3007 iratior
933 2985 945 3018 ,
