2125 3784
255 401 327 458 no
424 381 737 451 Errsrota

253 501 314 584 qub
337 499 484 562 hocloco
511 497 670 581 quidquam
694 495 869 579 pulchrius3
891 497 935 561 sed

252 581 484 664 interpellatores
492 581 551 641 illic
561 581 655 642 minus
664 577 788 642 molesti.
799 578 861 640 Sed
873 600 936 661 per·

253 663 344 726 scribe
370 662 497 747 quaeso,
517 683 582 745 quae
605 659 688 722 causa
705 663 741 721 sit
759 664 789 722 in
812 661 936 743 Myrtilo

253 753 383 827 (poenas
400 743 518 827 quidem
537 743 619 804 illum
636 741 807 824 pependisse
821 742 936 827 audivi)

251 826 284 887 &
314 826 414 888 satisne
441 841 547 907 patet,
574 824 653 886 unde
682 846 767 885 cortu
791 841 848 886 tus.
871 824 936 887 Hae

251 929 343 990 quum
362 904 515 969 scriberem
534 951 545 981 ,
568 909 681 967 tantitm
699 909 758 986 qub
801 904 938 968 existima·

251 988 320 1049 bam
332 990 370 1052 ad
386 1008 416 1051 te
432 990 596 1050 orationem
613 985 670 1049 esse
688 988 831 1067 perlatam
847 1011 854 1048 :
874 989 936 1063 hui,

252 1071 340 1152 quam
363 1074 484 1144 timeo,
512 1071 584 1152 quid·
601 1068 744 1130 existimes
767 1070 776 1128 l
800 1073 856 1130 ersi
873 1070 937 1152 quid

252 1153 291 1213 ad
309 1173 379 1227 me,
394 1173 459 1236 quae
477 1153 586 1213 nonsit
598 1149 674 1212 foras
692 1151 868 1231 proditura,
889 1153 938 1212 nisi

253 1235 403 1315 republicd
422 1232 620 1312 recuperata?
642 1233 680 1293 de
701 1252 760 1313 quo
780 1232 855 1314 quid
874 1232 936 1316 spe·

252 1335 338 1391 rem,
355 1335 416 1376 non
435 1315 530 1375 audeo
548 1312 683 1375 scribere.
919 1358 921 1363 -

354 1433 521 1497 thaao
548 1435 717 1499 Arttco
747 1435 838 1498 Sar..

252 1526 514 1638 thntrum
536 1605 547 1635 ,
573 1557 654 1641 qubd
681 1558 753 1618 mihi
782 1554 938 1639 epistolas:

253 1661 318 1781 puae
346 1639 465 1720 quidem
486 1660 535 1701 me
561 1638 764 1713 deleslarunt‚
795 1643 826 1699 in
846 1640 939 1721 primis

275 1723 332 1782 exti
351 1718 448 1781 nostri.
471 1720 585 1796 Dices,
604 1723 670 1802 quia
687 1739 716 1780 te
738 1720 857 1780 laudat:
894 1736 940 1781 uto

252 1803 420 1866 mehercule
435 1802 465 1862 id
484 1823 602 1885 quoque
622 1799 678 1862 else
699 1800 811 1875 causae3
829 1800 858 1862 se
899 1817 940 1863 ta·

255 1904 325 1946 men
338 1887 426 1946 etiam
446 1887 532 1957 aute,
552 1884 639 1964 quim
651 1881 688 1942 ad
707 1903 775 1942 eum
784 1882 884 1944 locum
894 1900 942 1951 ve,-

253 1967 284 2023 ni
298 2009 308 2039 ,
321 1965 409 2025 valde
425 1965 496 2024 milti
515 1965 648 2043 placebat
663 1984 753 2044 quum
769 1962 867 2025 sensus
883 1961 941 2043 ejus

253 2045 292 2104 de
311 2044 480 2123 republica,
495 2062 556 2104 tum
568 2045 710 2106 scribendi
728 2066 806 2105 cura.
829 2043 941 2107 Servius

253 2124 329 2186 verb
347 2123 513 2204 pacificator
533 2148 600 2186 cum
617 2127 766 2187 librariolo
789 2125 841 2188 suo
858 2126 943 2189 vide·

252 2223 300 2266 tur
314 2204 412 2266 obiisse
433 2207 632 2288 legationem,
648 2208 681 2268 δι
698 2227 803 2269 omnes
817 2210 944 2290 captiun-

252 2288 330 2347 culas
348 2287 561 2368 pertimescere.
580 2288 735 2351 Debuerat
753 2309 853 2351 aurem
866 2337 877 2366 ,
891 2312 943 2351 mn

255 2388 291 2426 ex
303 2367 368 2449 jure
384 2370 477 2429 manu'
489 2373 636 2449 confertum
649 2394 662 2446 ,·
681 2371 731 2433 sed
744 2393 809 2454 quae
820 2371 943 2455 sequun·

253 2464 310 2511 tur.
326 2449 376 2511 Tu
393 2470 509 2535 quoque
527 2452 641 2515 scribes.

366 2569 527 2634 Creatto
556 2571 723 2637 Arrtco
755 2575 849 2641 Sat..

256 2658 336 2771 148
349 2710 460 2754 exro
478 2693 544 2755 Kal.
565 2700 665 2776 accepi
683 2720 699 2757 a
719 2697 882 2758 Dolabella
895 2698 945 2759 lit-

253 2795 355 2851 teras,
383 2796 504 2857 quarum
532 2779 700 2857 exemplum
727 2781 779 2840 tibi
805 2782 894 2853 misi;
914 2782 945 2840 itt

256 2861 361 2941 quibus
377 2874 458 2932 erat,
473 2860 571 2918 omnia
583 2857 612 2919 se
624 2859 719 2922 fecitte
734 2907 743 2935 ,
763 2883 829 2943 quae
840 2878 872 2921 tu
883 2860 946 2922 vel·

255 2939 311 3004 les.
329 2939 432 3003 Statim
450 2941 478 3002 ei
495 2939 625 3024 rescripsi
644 2985 655 3018 ,
673 2942 706 3005 dt
726 2945 823 3006 multis
847 2943 945 3006 verbis
