2125 3784
259 382 327 457 260
442 382 765 451 Errsrors.

364 519 523 583 C1cnno
555 519 722 582 Arrrco
750 518 840 585 Sne:

262 607 931 724 16.Jucuun1ss1urstuaslegilinerua
986 676 989 713 ;

258 725 308 788 Ad
317 722 932 805 Plancumscripsi3habesexemplum.C11n
987 757 989 792 ς

259 807 371 885 Tirone
383 806 496 889 quidsit
505 807 633 881 locutus,
645 806 823 889 cognoscam
831 804 932 887 exipso·
988 844 989 868 ι

261 886 341 949 Cum
358 888 456 949 sorore
471 907 540 968 ages
559 888 719 964 attentius,
735 890 761 950 si
776 904 806 948 te
818 908 933 969 occupe-

260 973 341 1031 tione
356 968 407 1029 ists
416 968 563 1030 relaxatis.

261 1088 308 1149 M.
321 1087 450 1150 C1ccuo
468 1086 528 1171 Cu.
544 1085 681 1149 Punuco
700 1087 816 1149 Purser.
828 1084 902 1149 Des.
913 1082 935 1147 S.
960 1066 962 1071 ⁵

264 1179 335 1274 Ar
346 1234 367 1274 τ
378 1233 388 1274 1
400 1233 441 1276 01
461 1213 548 1276 nostri
564 1229 595 1275 te
610 1214 697 1274 valde
716 1213 874 1276 studiosum
890 1208 936 1275 est
970 1224 973 1233 '

264 1299 412 1378 cognovi,
431 1299 490 1356 mei
503 1295 577 1357 vero
597 1296 636 1354 ita
654 1296 819 1376 cupidum,
839 1312 872 1355 ut
889 1312 938 1353 me·

265 1377 382 1437 hercule
405 1398 513 1457 paucos
532 1375 613 1454 aeque
633 1375 845 1450 observantes,
864 1392 938 1455 atque

266 1475 395 1518 amantes
414 1478 462 1517 me
477 1457 583 1517 habere
600 1455 763 1518 existimem
781 1479 789 1518 :
807 1457 940 1538 adpetet·
975 1508 979 1515 .

267 1559 319 1598 nas
346 1540 423 1599 enim
446 1559 586 1620 magnas,
607 1535 639 1596 δι
659 1557 775 1600 veteres
792 1583 801 1612 ‚
818 1538 849 1598 &
870 1534 941 1616 justas
969 1592 971 1601 .

268 1618 493 1680 necessitudines
506 1638 641 1700 magnam
651 1621 747 1678 attulit
756 1619 942 1679 accessionem

269 1719 319 1760 tua
334 1701 467 1762 voluntas
488 1721 557 1782 erga
575 1716 645 1771 me,
669 1720 794 1780 meaque
816 1718 883 1781 erga
900 1716 943 1772 te,

269 1802 322 1862 par
335 1799 420 1862 atque
433 1801 540 1842 mutua.
548 1779 699 1839 Buthrotia
710 1783 763 1840 tibi
777 1779 859 1840 causa
870 1783 945 1862 igno·

269 1875 301 1919 ra
319 1883 379 1921 non
399 1860 439 1921 est
459 1883 465 1920 :
489 1864 537 1943 egi
554 1862 631 1921 enim
651 1858 725 1940 saepe
745 1861 782 1921 de
802 1881 838 1922 ea
857 1880 888 1922 te
905 1878 946 1921 te·

270 1961 361 2014 cum,
387 1941 497 2020 tibique
525 1959 616 2002 totam
646 1962 708 2001 rem
736 1939 948 2014 demonstravi3

291 2041 335 2078 uae
358 2018 399 2080 est
416 2020 476 2079 asta
494 2022 551 2081 hoc
570 2022 671 2083 modo.
689 2021 733 2083 Ut
751 2024 880 2103 primum
898 2020 950 2083 Bu·

271 2041 408 2161 iitrotium
416 2123 514 2183 agrum
523 2103 713 2185 proscriptum
719 2105 848 2166 vidimus
859 2124 951 2178 ,com-

271 2199 368 2241 motus
393 2181 506 2242 Atticus
534 2185 663 2245 libellum
684 2184 870 2267 composuit:
890 2204 954 2255 eum

271 2261 342 2321 mihi
359 2262 464 2336 dedit,
485 2282 516 2323 ut
538 2267 637 2325 darem
648 2264 752 2326 Caesari
765 2288 774 2340 ;
788 2287 870 2327 eram
881 2268 954 2327 enim

271 2359 435 2403 coenaturus
452 2345 530 2426 apud
548 2367 614 2407 eum
633 2347 685 2405 illo
700 2347 758 2407 die.
780 2346 858 2407 Eum
873 2346 956 2408 libel·

272 2422 333 2482 lum
351 2423 457 2485 Caesari
476 2427 543 2487 dedi
563 2447 570 2485 :
591 2427 725 2507 probavit
746 2427 862 2488 causam
881 2448 891 2501 ;
908 2448 956 2490 te·

272 2502 383 2584 scripsit
400 2505 500 2568 Attico
517 2553 525 2581 ‚
542 2529 623 2588 aequa
641 2529 708 2568 eunt
731 2508 876 2588 postulare
888 2530 896 2569 :
909 2508 958 2587 ad·

273 2590 387 2646 monuit
399 2604 496 2648 tamen
512 2632 522 2660 ‚
544 2607 574 2647 ut
606 2591 737 2648 ecuniam
746 2590 889 2673 reliquam
902 2589 959 2651 Bu·

272 2666 373 2725 throtii
394 2669 430 2724 ad
453 2669 529 2727 diem
556 2610 711 2729 soiverent.
735 2666 885 2743 Atticus,
911 2666 960 2750 qui

274 2746 421 2805 civitatem
439 2746 635 2808 conservatam
653 2768 791 2830 cuperet,
806 2750 962 2831 pecuniam

275 2828 437 2891 numeravit
455 2827 490 2887 de
511 2826 571 2887 suo.
591 2830 684 2907 Quod
701 2851 791 2912 quum
809 2829 878 2892 esset
894 2829 963 2891 sac-

277 2910 363 2986 ¹tum,
381 2907 523 2972 adivimus
538 2909 575 2973 ad
593 2909 762 2987 Caesarem,
779 2912 871 2978 verba
890 2910 964 2979 feci·
