2125 3784
328 363 621 426 Larinas
758 380 817 450 3„

123 464 258 519 solvuntur
275 460 351 511 usurae
373 463 514 524 usurarum,
539 465 579 514 sed
600 480 680 516 earum
700 467 815 528 tanturn,

126 555 184 607 quae
194 535 296 603 singuiis
307 536 376 586 annis
392 536 451 587 solvi
468 538 603 588 debuerunt
613 556 657 607 pro
670 539 754 599 sorte,
765 557 818 595 non

125 628 175 681 pro
193 609 300 660 usuris.

166 684 355 734 Anniam.
367 682 434 732 Fam
442 697 484 744 7
501 697 543 733 10.
537 700 631 750 genus
641 685 817 759 giadtatorunt,

129 756 172 825 qui
189 772 222 806 ex
237 755 326 822 equis,
346 754 451 805 frontem
467 757 600 824 oculosque
617 760 686 826 galei
700 760 758 810 teeti
771 777 819 826 pu·

129 830 247 899 girabant.

167 903 413 953 Auratanvenro.
434 901 500 950 Fam.
522 915 575 959 rt,
598 917 642 964 ²7·
663 903 764 972 dignitas
777 919 820 957 tua

126 972 193 1042 facit
206 988 250 1033 ,ut
260 974 475 1031 animadvertatur,
486 975 598 1041 quidquid
599 974 689 1040 finias.
701 976 774 1026 Rosc.
785 978 818 1031 A.

131 1063 179 1110 4ο.
193 1048 378 1097 animadverrere
391 1062 508 1113 peccata,
521 1050 536 1096 i.
550 1065 573 1096 e.
593 1049 697 1113 punite,
713 1051 766 1115 quia
777 1067 822 1115 pu·

132 1122 233 1172 niuntut'·
242 1133 357 1185 peccata,
370 1137 442 1185 quum
453 1121 675 1172 animadvertuntur
688 1123 712 1172 ἃ
721 1122 822 1188 cognos-

133 1206 241 1251 cuntur,
259 1209 330 1259 quum
347 1196 449 1251 contri,
467 1209 516 1243 non
532 1195 637 1260 punire,
655 1195 686 1245 sit
696 1197 821 1264 negligere

134 1279 251 1334 peccata.

171 1339 323 1397 Aurora,
339 1339 442 1405 pretium
458 1339 587 1399 frumenti,
599 1338 657 1390 item
676 1341 822 1393 frumentum

135 1411 211 1479 ipsunt
222 1445 230 1469 ‚
243 1412 308 1478 quod
318 1429 381 1462 anno
390 1429 488 1479 quoque
501 1414 623 1478 provenit.
635 1415 709 1464 Verr.
726 1429 738 1479 3
753 1449 761 1472 ,
775 1430 821 1478 92.

135 1485 199 1537 tutio
215 1482 331 1551 frumenti
349 1502 362 1535 e
379 1485 519 1553 temporibus
540 1487 562 1535 δ’
580 1504 675 1536 annona
693 1488 725 1550 est
741 1488 822 1538 consi-

138 1559 252 1608 deranda.
274 1558 334 1607 ibid.
349 1572 394 1621 93.
413 1576 511 1608 annona
529 1559 620 1608 similis.
637 1561 712 1612 Dom.
731 1564 758 1610 6.
777 1579 822 1610 an·

137 1648 204 1683 nona
218 1629 308 1680 durior.
328 1629 389 1681 Phii.
410 1631 435 1682 8.
453 1629 563 1699 perflagia
581 1649 689 1681 annona.

173 1702 325 1755 Arauros.
343 1705 439 1772 Signum
451 1705 566 1770 equestris
577 1705 698 1771 dignitatis
707 1704 740 1754 est
749 1721 824 1755 annu·

138 1778 276 1829 lusimus
289 1796 298 1835 ς
309 1777 373 1827 unde
388 1777 463 1828 Verr.
481 1791 516 1842 3,
533 1778 579 1841 76.
596 1776 707 1826 annulum
723 1778 824 1831 invenit·

140 1851 157 1902 i.
170 1867 195 1902 e.
212 1866 288 1919 eques
299 1850 376 1900 iatius
392 1851 434 1907 est,

176 1923 269 1974 ΔΜ.
287 1923 345 1973 Laet.
359 1925 400 1972 16.
416 1920 495 1988 ansam
510 1924 566 1972 date
575 1922 649 1972 alicui
659 1924 692 1971 ad
704 1924 825 1989 repreben-

142 1996 260 2052 dendur'n,
275 1996 292 2046 i.
310 2012 334 2045 e.
350 1998 522 2054 occasionem,
540 1997 674 2047 materiam.
693 1997 762 2046 Sext.
783 2011 826 2047 to.

87 2108 90 2137 :
142 2068 262 2120 Semonis
278 2065 347 2134 ansas
364 2070 439 2126 dure,
458 2070 482 2119 in
500 2069 622 2120 sermones
639 2070 762 2119 hominurn
783 2069 824 2120 sui

143 2144 211 2209 culpi
225 2142 367 2207 incurrere..

177 2214 367 2266 Anserem.
377 2213 432 2264 Mil.
445 2229 489 2271 25.
497 2228 605 2264 tetamen
614 2213 737 2283 ,Magne,
748 2211 838 2282 antcfi,

142 2290 242 2339 emtum
255 2288 283 2339 h.
298 2304 322 2339 e.
339 2287 423 2338 teiietn
439 2288 544 2338 citaret:
561 2305 575 2336 e
590 2288 644 2338 foro
660 2289 762 2354 petitum
773 2305 829 2338 ver·

143 2362 207 2413 bum.

178 2435 364 2494 Asamum
383 2434 475 2502 legem,
493 2450 543 2482 non
564 2431 697 2495 recipere,
715 2430 830 2496 rejicere.

117 2554 122 2559 .
144 2508 255 2558 Verbum
264 2508 321 2557 inde
332 2520 427 2565 natum,
439 2506 504 2573 quod
515 2507 540 2555 in
550 2505 643 2553 tabellis
653 2503 830 2573 suffragantium
928 2520 930 2525 ·

144 2580 258 2645 {criptum
274 2593 326 2630 erat
343 2599 367 2630 a.
385 2600 411 2647 p.
427 2581 443 2628 i.
463 2597 486 2629 e.
506 2579 602 2644 antiqua
617 2575 702 2644 probo.

179 2654 391 2715 AnTintTas,
401 2651 714 2707 demonibussimilibusiis,
722 2648 833 2716 quiapud

144 2727 262 2793 antiquos
282 2727 372 2784 fuere,
393 2726 424 2775 de
440 2727 567 2783 candore,
585 2724 631 2773 fide
651 2726 700 2775 &o
719 2725 831 2784 Sext3.

144 2799 288 2867 pransione
314 2799 462 2866 antiquitatis
488 2798 534 2848 vir.
563 2798 627 2848 Hinc
653 2796 726 2845 Rosc.
747 2795 780 2843 Α.
802 2806 834 2855 9.

149 2872 239 2939 antiqui
253 2872 380 2930 homines,
402 2873 420 2922 i.
437 2889 461 2920 e.
477 2871 567 2937 probi,
585 2868 727 2932 simplices,
746 2865 787 2931 qui
800 2879 833 2914 ex

148 2941 223 2997 {uo
213 2945 315 3015 ingenio
337 2945 399 3001 alios
421 2943 543 3015 judicant.
563 2942 651 3011 Quint.
674 2954 719 2993 aa.
741 2935 835 3007 miqui
