2125 3784
248 361 350 452 184-
391 421 394 425 .
435 360 736 430 Errsroru
787 384 792 393 ·
840 424 842 429 ,
939 438 947 452 ,

242 480 331 539 eriam
341 472 556 554 expertisumus
565 494 658 555 nuper
672 477 703 535 in
713 470 929 570 primumcum

242 555 931 717 {lepaffiquffiuffiqxqttiaqqe‚uqruffippffiessk

244 717 324 785 eibus
348 734 424 795 pene
449 713 585 775 adduEius
611 713 779 811 scripsiffem
802 715 841 775 ad
862 730 930 779 eum

245 797 283 858 de
297 799 411 875 optimo
429 815 535 876 genere
543 794 663 855 dicendi
673 840 684 871 ,
693 817 754 857 non
764 795 860 857 morib
873 799 932 857 rui-

108 884 122 898 '
245 877 296 948 hi,
306 875 356 937 sed
366 876 453 936 etiam
469 876 521 939 tibi
538 874 648 955 scripsit
658 920 668 950 ,
679 877 733 937 sibi
743 875 817 939 illud
828 920 839 950 ,
852 876 932 957 quod

246 957 318 1027 mihi
336 956 484 1037 placeret,
506 977 567 1017 non
586 957 711 1036 probari.
725 953 834 1035 Quare
848 959 933 1041 riueq

195 1067 201 1077 ν
249 1036 366 1120 quaeso,
385 1036 440 1096 sibi
454 1056 601 1118 quemque
621 1036 753 1103 scribere.
765 1040 931 1101 Sumen·-

249 1141 301 1200 que
308 1118 436 1200 sponsam
447 1161 457 1190 ‚
467 1119 534 1176 mihi
546 1139 631 1177 meam
638 1140 651 1190 ;
656 1117 737 1195 suum
748 1120 931 1196 enipeum·

250 1221 325 1272 rem,
342 1201 409 1258 milri
421 1216 513 1257 meum.
524 1196 595 1258 Non
604 1196 692 1270 scith
711 1197 769 1263 hoc
785 1196 935 1263 cuium-5

250 1279 348 1352 tilius,
368 1294 456 1358 poeta
469 1277 645 1339 durissimus.
661 1280 703 1339 Ar
742 1281 883 1341 e'utinam
892 1278 933 1339 ii-

250 1375 316 1419 ceat
323 1357 366 1417 isti
381 1360 547 1419 concionari
557 1377 567 1430 ;
579 1361 624 1419 cui
639 1361 663 1419 si
711 1378 728 1420 e
740 1361 771 1418 in
782 1359 856 1421 urbe
867 1368 932 1421 tuto

251 1438 350 1499 licebit
367 1481 377 1512 ,
393 1440 515 1500 vicimus
535 1458 542 1497 ε
562 1439 667 1500 ducem
682 1442 761 1502 enim
774 1443 849 1501 novi
864 1440 934 1502 belli

252 1519 345 1579 civilis
365 1535 414 1578 aut
429 1541 518 1580 nemo
528 1517 683 1600 sequetur,
701 1538 751 1582 aut
769 1520 790 1579 ii
810 1519 934 1603 sequen·

253 1614 316 1673 tur,
328 1602 377 1680 qui
386 1597 469 1661 facile
478 1602 638 1663 vincentur.
648 1600 747 1661 Venio
760 1600 797 1661 ad
808 1604 933 1665 tertiam.

253 1676 358 1751 Gratas
366 1678 446 1740 fuiffe
457 1700 536 1740 meas
546 1678 753 1743 litteras'Bruto
764 1725 774 1753 ‚
785 1681 819 1741 δι
831 1680 934 1747 curio

254 1762 369 1841 gaudeo
379 1781 386 1820 ε
397 1764 492 1841 iraque
505 1763 539 1821 iis
550 1760 690 1842 rescripsi.
699 1760 796 1839 Qubd
808 1762 934 1827 Hirtium

254 1861 308 1919 per
326 1862 374 1902 me
397 1844 549 1903 meliorem
563 1841 624 1903 fieri
643 1841 745 1903 volunt
765 1862 775 1914 ;
795 1843 838 1905 do
852 1846 935 1924 equi·

255 1920 324 1987 dem
337 1941 476 2003 operam3
489 1922 521 1981 &
536 1923 584 1982 ille
604 1923 715 2005 optime
727 1923 855 2004 loquitur
868 1944 875 1982 :
886 1922 935 1987 sed

253 2003 329 2074 vivit
349 2046 359 2077 ,
385 2002 549 2081 habitatque
569 2023 637 2062 curn
659 2002 776 2075 Balbo,
795 2007 847 2085 qui
865 2007 938 2067 item

254 2082 331 2143 bene
348 2084 473 2164 loquitur
493 2103 500 2140 :
519 2083 590 2163 quid
610 2085 726 2158 credas,
740 2084 860 2147 videris.
872 2084 937 2147 Do·

254 2163 392 2223 labellum
414 2162 498 2223 valde
519 2163 633 2242 placere
653 2166 704 2225 tibi
725 2164 816 2228 video
835 2186 845 2240 ;
866 2160 942 2227 mihi

257 2244 376 2323 quidem
393 2241 519 2324 egregie.
538 2240 617 2304 Cum
629 2243 716 2313 Pensa
728 2248 788 2305 vixi
800 2248 830 2315 iu
847 2245 938 2309 Pom·

256 2327 362 2402 peiauo
382 2344 390 2382 z
412 2325 435 2383 is
455 2323 541 2404 piene
566 2325 637 2385 mihi
656 2326 842 2406 probabet'se
858 2328 937 2397 ,bene

255 2401 381 2485 sentire,
396 2405 428 2465 &
443 2425 550 2508 cupere
569 2426 681 2486 pacem.
700 2404 825 2501 §ausam
836 2430 937 2505 armo·

256 2485 939 2650 trituretur:termut-{⁸}

256 2641 418 2716 tationem,
434 2646 571 2725 quidnam
587 2647 644 2707 istis
661 2649 806 2730 agendum
818 2667 937 2731 putem:

257 2723 377 2783 consilia
402 2740 569 2803 temporum
595 2727 684 2801 sunt3
708 2750 772 2810 quae
797 2731 936 2793 iuhoras

257 2806 428 2865 commutari
447 2803 540 2866 vides.
557 2804 721 2869 Dolabellae
737 2811 771 2869 ὅ(
788 2809 938 2891 primeilla

255 2882 360 2962 estio,
386 2884 417 2946 &
439 2883 501 2945 haec
524 2890 812 2973 contra-Antonium
834 2891 939 2958 concio
