2125 3784
202 286 243 362 52
375 265 688 339 'epistota

194 399 265 442 nere
278 399 288 451 ;
299 379 371 441 illud
382 402 500 461 anceps.
511 383 626 443 Verirnr
638 385 814 447 uidebimus.
827 387 880 452 De

153 537 154 541 Ἰ
195 458 290 555 Balbo
312 460 764 605 &·in1'c⁰ediceilll{rrstcfii·ser·lln'
783 469 882 606 &guita

193 557 527 700 {gdnl'ainseldmlriduum
548 623 584 684 Et
596 590 614 696 ,¹
626 568 708 706 qlllod
721 565 881 708 brzieliis:

194 697 353 778 Dolabella
366 704 455 761 etiarn
474 723 600 765 mecum.

194 820 204 830 '
267 808 454 884 ‘'Crcnrto
483 820 649 883 Aurrco
679 812 768 885 Sne.

197 903 311 1002 roTn
332 945 387 1004 tuis
409 944 533 1024 negotiis
554 940 656 1002 relidis
677 945 748 1003 nolo
773 945 810 1003 ad
828 935 877 1007 nre

194 1024 295 1083 venire
302 1032 312 1096 3
324 1043 382 1105 ego
394 1026 489 1105 potius
501 1022 658 1097 accedam,
672 1026 695 1082 si
708 1025 814 1085 diutius
822 1029 878 1085 im-

194 1104 314 1184 pediere
326 1124 333 1162 :
344 1105 398 1164 etsi
406 1124 443 1165 ne
453 1101 638 1163 discessissem
648 1104 765 1184 quidem
776 1125 793 1165 e
804 1127 883 1166 con·

194 1183 293 1263 spedu
308 1200 386 1254 tuo,
409 1185 463 1243 nisi
483 1203 530 1242 me
552 1185 638 1263 plane
659 1185 730 1244 nihil
751 1186 808 1245 ulla
830 1207 876 1247 res

195 1262 364 1341 adjuvaret:
380 1263 459 1344 qubd
472 1266 496 1323 si
508 1261 578 1325 effer
592 1264 708 1344 aliquod
720 1264 876 1341 levamen,

194 1343 225 1402 id
242 1342 311 1404 effer
327 1346 357 1402 in
373 1361 404 1403 te
421 1365 479 1404 uno
493 1365 502 1417 3
518 1345 570 1418 δι,
588 1365 676 1426 quum
714 1345 820 1402 timum
837 1349 875 1406 ab

192 1424 292 1505 aliquo
307 1427 414 1505 poterit
429 1422 508 1498 effe,
526 1447 543 1484 a
556 1445 585 1486 te
597 1426 660 1485 erit.
673 1365 758 1483 lllmc
775 1441 875 1486 tamen

193 1505 288 1584 ipsum
306 1508 367 1578 sine
387 1523 416 1565 te
437 1505 493 1566 esse
516 1526 577 1564 non
597 1502 731 1585 possum:
750 1503 800 1564 sed
818 1526 875 1568 nec

195 1604 253 1646 tuae
269 1588 349 1647 domi
362 1586 556 1667 probabatur,
568 1606 623 1646 nec
639 1605 712 1646 tneae
725 1603 876 1665 poteram3

195 1688 273 1741 nec,
293 1672 316 1727 si
332 1670 450 1748 propihs
468 1667 557 1728 effen
571 1667 701 1748 uspiam,
717 1684 814 1726 tecum
830 1683 876 1728 ta·

196 1769 266 1807 men
283 1747 370 1806 effem
379 1747 477 1806 :idern
493 1751 572 1807 enirn
582 1767 612 1808 te
625 1747 778 1826 impediret
788 1792 799 1820 ,
810 1749 875 1828 qub

194 1829 291 1885 tninhs
304 1846 419 1885 mecum
433 1824 523 1899 elles,
539 1828 620 1907 quod
633 1830 810 1888 nuncetiam
822 1830 877 1887 im-

194 1904 287 1984 pedit.
307 1905 382 1963 Mihi
398 1905 491 1964 adhuc
507 1908 578 1967 nihil
596 1910 673 1988 prius
690 1906 743 1968 fuit
758 1908 811 1968 hac
829 1908 875 1978 so-

191 1986 338 2058 litudine3
359 2004 445 2063 quam
464 2009 571 2048 vereor
589 2007 626 2047 ne
645 1985 792 2068 Philippus
812 1988 876 2049 tol·

194 2066 254 2124 lat:
274 2065 334 2125 heri
353 2069 431 2125 enim
449 2068 564 2149 vesperi
582 2082 713 2129 venerat.
733 2068 876 2129 Mescri·

191 2147 258 2226 ptio
271 2147 304 2206 &
314 2147 415 2207 litterae
429 2170 489 2208 non
504 2151 635 2221 leniunt,
648 2146 697 2206 sed
709 2148 876 2210 obturbant.

190 2265 204 2283 ”
298 2265 458 2328 thano
488 2266 650 2327 Aurrco
679 2267 764 2329 Str.

189 2349 330 2448 11.Νῶ
346 2411 403 2472 ego
420 2389 507 2450 effern
523 2388 570 2448 hic
583 2389 726 2461 libenter,
743 2405 830 2466 atque
843 2391 874 2449 id

186 2468 325 2549 quotidie
346 2473 459 2550 tnagis,
479 2473 509 2528 ni
525 2468 596 2528 effer
613 2490 648 2529 ea
666 2467 765 2539 causa,
786 2489 875 2548 quam

187 2551 245 2611 tibi
264 2547 465 2628 superioribus¹
479 2551 579 2607 litteris
599 2547 714 2626 scripsi:
736 2546 874 2611 nihilhac

190 2630 346 2692 solitudine
359 2627 542 2708 jucundius,
562 2629 617 2686 nisi
637 2628 755 2708 paulurn
779 2631 874 2693 inter-

186 2709 326 2793 pellaffet.
339 2709 478 2791 Amyntae
494 2706 591 2770 filius:
611 2705 632 2768 oi
651 2715 874 2788 ἀπεραντολογίας

185 2794 269 2863 ἀηδεῖς
279 2793 298 2855 l.
308 2790 416 2856 Cetera
431 2791 493 2854 noli
510 2806 611 2872 putate
630 2789 798 2852 amabiliora
811 2787 873 2851 fieri
