2125 3784
234 410 299 464 Ao
314 392 522 467 Arrrcurr
537 395 727 468 Lro.·XV.
756 420 826 495 207

133 507 223 595 peffe‘
232 528 245 571 τ
257 510 343 573 ludos
361 514 441 573 enim
455 513 556 575 absens
568 512 664 575 facere
682 514 827 578 malebat:

133 596 254 676 navigia
271 593 454 674 colligebat:
475 614 536 657 erat
553 598 664 659 animus
680 598 709 657 in
728 596 830 661 cursu:

132 677 247 739 ‘merea
263 676 294 734 in
316 674 426 736 eisdem
445 675 518 738 locis
537 696 620 738 erant
638 677 741 739 futuri:
755 679 829 741 Bru-

133 772 179 819 tus
200 756 325 838 quidem
348 754 377 817 se
394 756 490 819 aiebat
513 757 634 821 Asturae.
657 759 690 819 L.
709 761 828 841 quidem

133 838 287 909 Antonius
307 837 461 901 liberaliter
474 841 586 902 litteris
608 843 671 901 sine
691 861 758 902 cura
778 861 828 905 me

133 918 190 983 ele
207 918 292 999 jubet
311 940 319 979 t
337 921 431 983 babeo
448 943 540 982 unum
559 920 760 996 beneficium
781 924 828 985 al·

133 1016 232 1063 cerum
248 999 367 1063 lorralle
378 1045 388 1074 ‚
401 1005 433 1063 ni
447 1003 478 1063 in
490 1002 685 1066 Tusculanum
705 1007 830 1069 verterit.

133 1078 167 1145 0
194 1086 315 1167 negotia
341 1105 403 1145 uon
427 1084 548 1147 ferenda
574 1087 583 1147 Ι
612 1106 676 1190 pue
697 1092 829 1149 teruntur

132 1179 248 1226 tamen·
260 1172 317 1226 rei·
332 1169 369 1240 ᾧ
392 1167 479 1227 eirr'ar
500 1173 551 1226 uir
573 1181 674 1246 dgnior
692 1173 729 1231 τίς
742 1168 828 1243 ι’ἰχινξ

135 1242 322 1319 Οᾶινὶειιο,
338 1263 371 1304 ur
384 1244 539 1325 perspexi,
556 1245 622 1307 satis
641 1250 770 1329 ingenii,
785 1246 830 1308 sa·
911 1260 916 1270 “

135 1328 175 1387 tis
184 1329 272 1387 animi
282 1346 295 1401 ·,
307 1326 517 1407 videbaturque
528 1347 599 1410 erga
617 1329 730 1389 nostros
745 1331 830 1409 {guar

131 1407 176 1468 ira
189 1407 279 1483 fore,
294 1427 327 1470 ut
346 1428 400 1468 nos
417 1410 581 1483 vellemus,
602 1412 743 1471 animatus
757 1431 764 1468 :
778 1409 829 1472 l'ed

132 1490 207 1571 quid
223 1492 299 1551 retati
316 1489 497 1550 credendum
517 1496 579 1565 sit,
601 1492 671 1573 quid
691 1492 827 1567 nomini,

131 1572 207 1653 quid
219 1572 389 1645 hereditati,
400 1572 469 1653 quid
481 1576 621 1649 ιιτιιχιίσ(
646 1575 743 1654 magni
756 1593 828 1633 con·

132 1652 194 1715 silli
208 1652 251 1716 est
270 1675 278 1714 :
298 1656 415 1714 vitricus
437 1653 558 1734 quidem
580 1655 649 1714 nihil
669 1654 829 1726 censebat3

131 1752 225 1815 quem
237 1736 349 1797 Allurae
362 1735 498 1795 vidimus.
511 1733 569 1794 Sed
590 1752 688 1794 tamen
706 1734 828 1795 alendus

108 1890 111 1895 Ι
131 1815 199 1892 eli3
217 1818 248 1879 ὃ(
258 1834 290 1879 ut
300 1817 370 1877 nihil
380 1817 457 1876 aliud
468 1863 477 1889 ,
489 1815 525 1875 ab
532 1813 667 1875 Antonio
680 1814 829 1894 sejungere

131 1898 201 1959 dus.
211 1899 368 1960 Marcellus
378 1899 531 1980 preclare,
546 1892 830 1977 sipraecipitnossro,

132 1978 239 2043 uostris
249 2002 259 2056 3
270 1986 316 2043 cui
327 1980 498 2062 quidemille
510 1979 623 2040 deditus
634 1977 831 2038 mihividebu·

132 2078 200 2123 rur·
214 2062 309 2125 Pansae
322 2082 418 2124 autern
430 2064 462 2123 dr
477 2063 575 2122 llirtio
587 2082 647 2122 non
665 2063 750 2122 nimis
763 2077 830 2121 cre·

133 2142 234 2208 debat.
253 2145 338 2208 Bona
356 2144 491 2219 indoles,
512 2148 552 2208 ilo
572 2141 696 2226 duplo*
822 2178 824 2183 ·

252 2268 415 2333 Crcerro
443 2265 598 2327 Arr'rco
626 2265 710 2326 sir.
821 2250 825 2255 ¹

134 2364 394 2457 nocuvo
410 2388 476 2449 Kal.
491 2388 626 2448 duasate
640 2387 740 2465 accepi
751 2385 829 2469 epist

131 2476 214 2536 colas
232 2494 240 2532 ι
256 2470 438 2553 respondebo
457 2473 544 2555 igitur
564 2470 653 2548 priori
672 2469 757 2548 priirs.
771 2466 827 2530 Ar.

130 2555 247 2619 sentior
261 2553 334 2626 tibi,
351 2571 383 2613 ut
396 2573 450 2612 nec
469 2553 557 2613 duces
577 2552 665 2610 simus
682 2595 691 2624 ‚
711 2571 764 2611 nec
777 2571 828 2633 ag·

131 2656 212 2701 rnen
227 2655 383 2733 cogamus3
403 2634 552 2695 faveamus
573 2652 681 2692 tamen.
701 2630 827 2694 Oratio-

130 2738 210 2782 nem
229 2719 281 2779 ribt
297 2719 385 2778 misi:
402 2713 465 2795 ejus
479 2715 674 2776 custodienda
690 2758 700 2786 ,
717 2712 747 2774 dr
758 2732 829 2793 pro·

133 2798 268 2863 serenda
285 2800 433 2860 arbitrium
450 2814 532 2860 tuum
552 2817 559 2856 :
579 2795 629 2858 sed
650 2794 768 2876 quando
787 2791 828 2875 il·¹

132 2882 196 2945 lum
215 2882 295 2944 diem
311 2926 322 2956 ‚
342 2901 430 2962 quum
445 2899 477 2940 tu
496 2878 641 2941 edendam
655 2873 764 2956 putes?
778 2869 829 2929 ln·

132 2962 238 3031 durias
256 3008 268 3043 ,
288 2984 362 3047 quas
385 2961 589 3037 scribis,.uou
611 2957 745 3036 iptelligo
765 2948 831 3013 fieri
