2125 3784
384 391 682 471 Lzarruus.
822 409 877 472 343

224 491 365 545 Accssno.
378 491 429 545 Or.
444 507 454 543 1
469 525 477 553 ,
490 485 517 556 9¹.
532 493 564 540 ad
572 493 735 559 rempublicam
748 496 877 550 accedere,

189 566 217 618 h.
235 582 259 617 e.
278 564 428 633 magistratus
441 577 542 631 petere.
553 568 568 598 *
581 566 677 617 Dicitur
696 565 726 615 de
742 567 823 616 febrili
838 584 879 634 pa·

185 638 304 690 torismo.
323 638 379 690 Art.
398 655 434 701 7,
457 655 483 691 2.
499 640 610 689 accedere
625 640 725 690 alteram
742 639 877 698 leviorem,

184 728 278 778 nempe
295 711 405 761 febrim*
417 713 492 766 Verr.
512 725 525 775 3
544 745 552 771 ,
573 728 619 773 40.
632 715 740 763 accedere
758 715 793 761 ad
805 713 878 762 'cedi-

183 785 254 854 galc'a
273 785 387 836 dicuntur
406 816 413 843 ,
440 785 483 852 qui
506 801 536 834 ea
548 786 680 836 redimere
698 784 875 839 volum-Phil.

186 874 225 919 2,
249 857 295 909 26.
314 859 425 908 accedere
444 860 477 907 ad
487 855 568 921 scelus
581 856 701 924 sedioais.
719 864 733 893 *
751 861 826 912 Verr.
839 876 875 919 2,

186 931 233 997 38.
255 933 367 982 accedere
386 933 419 980 ad
442 927 555 998 causam,
576 933 717 998 suscipere,
737 933 768 982 de
782 932 874 984 aliare.

158 1022 162 1028 ·
225 1004 391 1055 Aeceusus.
399 1005 473 1057 Verr.
488 1020 516 1063 1,
528 1005 572 1058 28.
583 1008 694 1072 publicus
702 1006 877 1074 magistratuum

186 1076 311 1136 minister,
329 1077 412 1128 similis
430 1079 526 1129 viatori.

225 1150 384 1202 decessio.
403 1150 485 1201 Rabir.
501 1150 565 1204 Post.
586 1165 628 1203 11.
640 1151 743 1202 accessio
762 1152 877 1211 decuma,

187 1238 236 1289 pro
256 1224 409 1290 compendio.

226 1293 353 1349 Aecum.
373 1297 424 1348 Fin.
441 1311 474 1359 ς,
494 1310 538 1362 31.
556 1297 614 1346 Nisi
629 1315 657 1347 ea
673 1298 821 1365 voluptatem
836 1315 877 1346 ac-

190 1367 272 1425 ciret,
289 1369 306 1418 i.
324 1386 347 1420 e.
369 1369 483 1427 afferret,
502 1368 620 1421 efficeret.
720 1404 723 1411 ·

224 1442 396 1501 Accreene,
410 1460 455 1510 pro
470 1459 568 1509 cepere.
584 1445 659 1495 Verr.
676 1457 708 1507 3,
728 1443 768 1495 18.
781 1439 873 1509 sensum

187 1515 264 1564 aculis
279 1515 401 1582 animaque
412 1517 527 1583 accipere.
538 1519 553 1549 *
564 1517 715 1583 Intelligere.
728 1519 786 1568 Nat.
798 1517 833 1568 D.
850 1531 874 1570 1.

187 1604 238 1654 qua
249 1605 335 1655 parum
351 1590 441 1656 accepi.
458 1593 473 1622 *
490 1588 616 1640 Traliare.
627 1589 701 1640 Tusa.
720 1607 756 1652 4,
771 1589 815 1654 36.
830 1606 875 1655 qua

188 1674 213 1711 re
226 1662 297 1711 meda
314 1659 450 1728 accepissem
467 1694 475 1720 ,
496 1660 543 1710 nisi
561 1661 635 1710 iraeru
652 1661 727 1724 effcm.
746 1666 760 1694 *
777 1660 876 1712 ludica·

186 1730 316 1803 eumlsalri
329 1730 390 1799 faeie
408 1735 536 1802 accipere,
556 1736 686 1800 opponitur
703 1737 745 1795 ei,
762 1735 802 1800 qui
820 1734 877 1783 satis

187 1806 239 1857 dat.
253 1809 269 1840 ’⁴
283 1805 332 1856 Pro
347 1807 448 1859 discere.
461 1806 509 1858 Or.
526 1822 536 1857 ι
550 1839 558 1864 ,
575 1819 620 1870 23.
630 1807 651 1856 si
661 1806 711 1873 quis
721 1807 752 1868 eli
763 1840 771 1864 ,
783 1807 877 1872 quileae

187 1892 241 1928 arce
259 1879 336 1946 accipi
351 1879 416 1946 poffe
431 1895 509 1947 putee.
523 1884 538 1912 *
549 1881 625 1933 Verr.
639 1893 671 1944 3,
691 1893 733 1943 30.
749 1878 817 1944 juber
825 1896 878 1927 ma-
908 1882 926 1911 ·'

186 1950 297 2020 pilleatus
314 1952 410 2002 Siculos
427 1953 534 2020 accipere
549 1954 675 2012 decumas,
693 1955 718 2004 h.
737 1969 761 2003 e.
779 1953 877 2002 redem-

186 2036 273 2092 ptores
292 2023 339 2075 elle
357 2025 522 2078 decumarum.
540 2030 555 2061 *
568 2026 627 2078 Div.
650 2041 685 2084 1,
706 2024 751 2088 46.
768 2025 876 2094 accipere

187 2114 257 2149 amere
271 2130 281 2157 ,
297 2097 333 2149 est
345 2097 468 2159 formula,
486 2099 534 2166 qui
549 2102 699 2156 utebantur,
715 2101 795 2150 omine
808 2100 875 2152 bono

186 2172 274 2223 oblato
289 2174 304 2205 '⁶
314 2173 463 2241 Acceptum,
484 2174 525 2222 vel
540 2174 564 2224 irc
581 2188 701 2242 acceptum
707 2173 773 2239 ferre
790 2174 816 2225 δι
834 2192 876 2225 re·

182 2243 249 2311 serre
263 2244 359 2305 alicui,
378 2246 444 2297 estin
461 2248 548 2299 rabulis
563 2247 668 2300 scribere
680 2265 725 2299 nos
741 2248 831 2315 aliquid
845 2251 874 2300 ab

185 2318 269 2385 aliquo
285 2318 404 2385 accepisse
423 2321 540 2386 pecuniae.

203 2406 207 2413 ’
223 2392 431 2443 Accummo
442 2394 529 2442 dicitur
537 2410 586 2443 non
595 2391 669 2442 solim
678 2394 702 2441 in
711 2395 799 2442 bonam
810 2427 817 2452 ,
834 2393 875 2444 led

187 2463 261 2515 etiam
280 2465 305 2515 in
323 2468 408 2515 malam
426 2480 530 2532 partem.
551 2467 591 2514 Ad
608 2466 641 2530 Q.
661 2465 678 2514 F
682 2483 716 2517 ra.
734 2481 770 2523 2,
791 2480 813 2517 r.
827 2484 875 2516 ma·
978 2501 982 2507 .

177 2537 253 2589 aima
276 2537 448 2589 acclamatione
468 2537 566 2606 perceris
586 2572 594 2598 ,
619 2540 637 2591 i.
658 2555 681 2590 e.
703 2538 787 2590 senatu
804 2540 874 2590 valde

186 2611 345 2664 reclamante.

220 2683 367 2744 Accone,
383 2702 427 2750 pro
443 2684 572 2752 populari,
592 2686 632 2753 qni
649 2685 674 2735 in
691 2686 778 2735 eodem
795 2699 874 2750 agro,

183 2757 278 2824 oppido
292 2758 393 2809 habitat.
410 2760 483 2810 Verr.
501 2775 538 2820 4,
556 2774 598 2824 30.
615 2759 702 2808 accola
718 2757 818 2807 Cereris.

221 2832 436 2884 Accounono.
449 2831 500 2884 Off.
517 2847 526 2880 1
541 2866 548 2889 ,
566 2847 610 2881 21.
622 2832 797 2880 accommodare
806 2823 834 2894 se
844 2829 876 2879 ad

188 2905 375 2973 rempublicam,
397 2905 414 2956 i.
435 2922 459 2956 e.
487 2906 607 2955 accedere
634 2903 664 2952 ad
690 2901 873 2966 rempublicam.

190 2974 235 3032 Or.
254 2995 281 3044 7.
300 2979 476 3030 accommodare
495 2979 542 3036 rim
552 2975 619 3042 [uam
640 2977 673 3023 ad
696 2975 873 3040 eloquentiam,

216 3074 219 3079 ·
705 3048 721 3096 l’
742 3051 765 3095 ir
