2125 3784
237 396 299 448 Au
317 377 525 446 Arttcuut
541 373 712 454 Ltu.Xl.
773 396 815 443 21

129 493 173 557 est
186 493 274 554 dosor
289 536 299 562 ,
315 492 375 570 qui>
387 491 470 568 culpa
480 487 582 567 major.
599 487 652 550 llle
663 493 694 550 in
708 488 821 550 Achaia

130 596 197 636 non
220 569 305 631 cessat
328 571 364 630 de
385 569 467 629 nobis
490 570 640 631 detrahere
657 592 663 629 :
682 572 751 630 nihil
768 574 821 631 vi·

133 654 242 794 pplippt
255 670 309 712 tuae
322 652 421 713 litterae
432 650 631 734 profecerunt.
646 651 730 714 Vale.
748 668 817 714 v111

171 774 180 794 .
235 749 286 794 art.

233 851 401 915 Cicano
431 850 596 916 Attico
629 852 715 918 Str..

136 993 182 1035 12.
194 935 427 1040 Ceeuntto
448 977 518 1035 mihi
536 999 554 1036 a
571 995 601 1038 te
621 979 728 1038 litteras
746 996 772 1037 a.
788 973 819 1037 d.

131 1074 217 1117 vltt
237 1055 282 1115 ld.
303 1055 392 1114 Mart.
414 1056 559 1135 vespere:
586 1079 623 1118 eo
650 1072 748 1116 autem
769 1057 817 1116 die

130 1140 219 1199 mani
242 1136 406 1197 tabellarios
429 1136 588 1213 miseram,
629 1137 712 1196 uibus
731 1135 774 1194 ad,
789 1153 819 1196 te

131 1219 272 1279 dederam
290 1217 397 1278 litteras
411 1236 418 1275 :
432 1220 487 1278 tuis
502 1237 601 1279 tamen
608 1159 699 1278 settis
716 1216 819 1277 litteris

131 1302 233 1380 putavi
251 1297 358 1379 aliquid
373 1297 585 1360 rescribendum
600 1297 657 1360 esse
669 1345 679 1373 ‚
691 1299 820 1360 maxime

132 1381 213 1460 quod
235 1379 360 1440 ostendis
372 1397 409 1442 ,te
429 1381 558 1461 pendere
576 1382 687 1453 animi,
711 1399 820 1462 quam-

132 1481 204 1520 nam
227 1465 369 1521 rationem
387 1463 443 1520 sim
461 1460 568 1522 Caesari
588 1463 721 1522 allaturus
741 1482 817 1541 pro·

135 1538 268 1598 sessionis
288 1558 467 1615 meretum,
486 1563 578 1621 quutn
600 1562 637 1602 ex
654 1540 737 1601 Italia
758 1539 820 1599 dis·

136 1616 280 1677 cesserim.
296 1617 375 1678 Nihil
392 1641 466 1699 opus
485 1620 525 1679 esi
545 1621 615 1679 mihi
633 1620 714 1679 novi
731 1623 822 1680 ratio·

135 1716 175 1760 ne
190 1718 199 1756 ε
213 1697 290 1778 saepe
306 1701 384 1758 enim
398 1699 435 1758 ad
452 1718 518 1758 eum
537 1700 654 1778 scripsi,
669 1699 821 1778 multisque

133 1779 296 1853 mandavi,
309 1801 370 1839 non
389 1777 530 1858 potuisse,
547 1799 636 1858 quum
656 1775 823 1858 cupiissent,

133 1859 281 1927 sermones
303 1859 455 1918 hominum
484 1857 645 1931 sustinere;
671 1860 820 1940 multaque

132 1941 163 2000 in
179 1959 248 2000 eant
262 1938 449 2000 sententiam:
463 1940 534 1998 nihil
551 1943 630 2000 enim
642 1957 723 2012 erat,
738 1941 819 2020 quod

132 2022 229 2081 minits
246 2040 314 2080 eum
335 2021 445 2081 vellem
464 2018 646 2095 existimare,
689 2021 756 2081 uim
770 2043 819 2084 me

132 2118 213 2162 tanta
236 2101 272 2161 de
292 2115 321 2160 r'e
343 2121 404 2161 non
426 2122 494 2185 meo
511 2102 635 2161 consilio
654 2042 734 2162 usum
752 2101 819 2164 esse.

133 2180 256 2255 Postea,
276 2202 364 2262 quutn
382 2183 452 2240 mihi
471 2184 572 2243 litterae
595 2206 613 2243 a
630 2182 722 2243 Balbo
740 2181 820 2245 Cot·

133 2263 213 2324 nesio
233 2263 346 2324 minore
368 2261 455 2322 missae
477 2257 594 2337 essent,
619 2264 700 2323 illum
717 2264 819 2324 exissi·

133 2364 233 2418 mare,
246 2341 395 2421 Quintum
410 2342 526 2404 fratrem
540 2345 642 2402 lituum
654 2364 727 2403 meae
746 2366 818 2425 pto-

133 2423 267 2486 fessionis
280 2422 359 2482 fuisse
374 2423 439 2504 (ita
450 2427 528 2482 enim
539 2422 672 2506 scripsit)
684 2426 733 2506 qui
744 2448 820 2486 non·

134 2505 205 2564 dum
220 2502 389 2585 cognossem
410 2525 474 2584 quae
487 2505 524 2564 de
541 2524 588 2564 me
602 2503 730 2583 Quintus
745 2507 818 2568 scri-

133 2583 236 2667 psisset
259 2585 294 2644 ad
314 2585 442 2658 multos3
465 2587 520 2645 etsi
538 2586 627 2646 musta
645 2587 768 2666 praesens
785 2591 817 2649 in

134 2665 307 2746 praesentem
327 2665 429 2727 acerbe
452 2667 563 2727 dixerat
582 2668 614 2728 ὃ(
633 2667 760 2741 fecerat3
774 2687 818 2728 ta·

136 2766 202 2808 men
230 2744 301 2807 Nilo
327 2767 394 2808 tneo
418 2746 461 2808 his
487 2748 584 2812 verbis
607 2748 645 2808 ad
670 2747 818 2810 Caesarem

138 2824 241 2906 scripsi.

177 2910 224 2969 De
244 2910 349 2992 Quinto
363 2907 454 2992 fratte
473 2931 531 2973 meo
551 2931 607 2972 nort
625 2906 716 2968 mincis
734 2903 819 2966 tato·
