2125 3784
127 3288 232 3410 q

248 375 320 462 204'
429 370 739 440 Errsrozae

246 507 318 552 uere
330 483 587 559 urarlitterarum3
607 507 675 547 nam
697 487 784 548 silere
795 504 859 548 uon
868 480 938 568 pos-T

247 569 321 630 sum.
347 565 451 627 Statim
476 571 562 652 igitur
587 570 702 630 mittam
724 568 776 634 vel
791 568 937 635 Antiumr

246 651 297 715 vel
316 648 457 710 Circaeos.
862 657 864 663 '

357 768 518 834 Cicero
546 766 712 833 Arrrco
740 765 831 832 Sar.

244 851 491 953 'roAurrum
514 893 584 954 veni
611 909 677 954 ante
700 906 736 950 xr
759 886 829 947 Kal.
849 885 936 953 lituro

245 970 390 1054 jucundus
404 970 501 1034 noster
518 974 687 1035 adventus:
709 969 845 1044 deiude,
865 972 938 1033 mul·

246 1058 284 1119 tis
303 1055 509 1130 audiemibus‚
527 1053 670 1126 Servilii,
688 1049 846 1125 Tertulli,
864 1049 937 1113 Por·

248 1139 293 1197 eid
305 1183 315 1211 ‚
332 1156 459 1220 quaerere
471 1182 481 1211 ,
500 1137 571 1218 quid
580 1137 708 1216 placeret
719 1155 726 1194 :
736 1133 838 1193 aderat
850 1135 935 1197 etiam

247 1216 406 1282 Favonius.
425 1216 512 1299 Ego,
532 1217 612 1300 quod
633 1237 711 1277 eram
727 1213 884 1275 meditatus
904 1216 936 1277 in

247 1303 319 1375 via,
339 1299 481 1371 suadere,
501 1315 533 1357 ut
551 1317 680 1360 ureretur
706 1296 835 1356 Asiatica
853 1316 937 1357 cura·

247 1383 329 1442 tione
340 1380 492 1451 frumenri3
504 1381 572 1439 nihii
584 1379 640 1440 effe
654 1375 712 1458 jam
721 1378 846 1458 reliqui,
857 1374 936 1458 quod

247 1481 421 1542 ageremus,
435 1462 490 1520 nisi
503 1479 536 1521 ut
550 1459 645 1523 salvos
659 1459 715 1523 effe
729 1481 739 1534 ;
755 1463 785 1520 in
798 1478 837 1520 eo
849 1460 936 1521 etiam

246 1542 304 1623 ipsi
326 1541 478 1623 republicae
494 1539 551 1602 effe
593 1540 737 1603 raesidium
749 1561 859 1684 :guam
870 1562 938 1603 ora«

246 1627 359 1685 tionem
376 1645 465 1706 quum
484 1624 514 1683 in
538 1567 622 1685 rebus
638 1621 745 1692 effem,
790 1624 883 1683 assius
895 1624 937 1683 in·

245 1708 382 1768 rervenit.
397 1703 462 1787 Ego
479 1645 583 1766 eadem
597 1706 646 1765 illa
658 1724 688 1765 re
711 1705 792 1764 etivi.
807 1703 876 1764 Hoc
887 1703 937 1765 lo·

246 1807 307 1862 co,
325 1787 447 1849 fortibus
464 1785 529 1848 sane
546 1789 661 1860 oculis,
680 1727 798 1846 dassius
818 1784 832 1865 (
852 1783 938 1846 Mar·

245 1885 308 1930 tem
324 1869 429 1948 spirare
451 1867 596 1949 diceres)
619 1866 647 1927 se
673 1869 703 1926 in
722 1865 852 1926 Siciliam
874 1884 935 1927 uon

245 1949 364 2008 iturum.
388 1949 520 2029 Egone,
547 1964 578 2006 ut
600 1945 774 2008 beneficium
797 1944 935 2029 accepisse

245 2030 277 2088 in
288 2030 493 2090 contumeliam
505 2029 514 2085 ἒ
526 2028 610 2108 Quid
622 2050 693 2113 ergo
707 2030 767 2109 agis
782 2027 792 2087 ?
807 2032 937 2111 inquam.

244 2106 289 2170 At
306 2109 355 2169 ille
370 2154 379 2182 ,
394 2112 424 2168 in
443 2107 584 2170 Achaiam
602 2112 629 2171 se
652 2114 770 2172 iturum.
785 2108 873 2189 Quid
886 2129 936 2187 ru,

242 2190 363 2330 inquam
381 2236 390 2260 ‚
410 2189 525 2251 Brute?
545 2190 695 2265 Romam,
713 2195 825 2275 inquit,
840 2193 936 2255 siribi

244 2273 277 2333 vi
299 2289 373 2330 etur.
395 2271 470 2333 Mihi
497 2274 569 2334 verb
597 2273 739 2346 minime3
761 2274 826 2335 turb
856 2277 935 2337 enim

244 2356 387 2414 noueris.
408 2354 492 2434 Quid
510 2356 533 2413 si
551 2353 661 2436 possem
682 2353 764 2415 effe?
785 2356 935 2436 placeret-

242 2453 282 2494 ne
298 2435 308 2494 i
328 2433 427 2517 Atque
440 2454 472 2496 ut
485 2439 607 2496 omnino
622 2456 630 2506 ;
651 2455 747 2515 neque
762 2456 862 2511 nunc,
880 2456 932 2497 ne·

243 2535 305 2596 que
322 2535 359 2576 ex
379 2535 501 2597 praetura
520 2519 550 2577 in
572 2521 753 2597 provinciam
774 2517 832 2578 ires
855 2539 862 2576 :
883 2515 934 2579 sed

242 2595 343 2656 audior
368 2619 428 2659 non
456 2598 539 2671 sum,
562 2613 595 2656 ut
612 2615 643 2659 te
663 2598 727 2658 urbi
753 2599 936 2661 committas.

242 2673 391 2740 Dicebam
407 2699 469 2752 ea,
491 2698 555 2760 quae
575 2680 627 2740 tibi
646 2677 777 2760 profedb
796 2681 827 2740 in
847 2700 933 2740 men·

240 2772 303 2820 tem
324 2761 443 2820 veniunt
458 2805 468 2832 ‚
485 2778 536 2817 cur
554 2779 614 2821 non
635 2760 704 2821 esser
723 2761 790 2821 turb
806 2759 930 2822 stitutus.

243 2837 343 2902 Multo
366 2840 433 2902 inde
450 2839 583 2903 sermone
603 2843 825 2924 querebamur,
841 2859 927 2922 atque

237 2918 277 3003 id·
288 2923 407 3005 quidem
426 2920 544 2989 Cassius
565 2924 691 2987 maxime
708 2967 720 2999 ‚
738 2924 853 2986 amiiias
871 2942 933 2986 oe-
