2125 3784
87 328 124 382 tn
139 315 338 384 Arrrcunr
353 314 441 386 Lrn.
457 315 562 389 XVI.
590 342 662 416 239

87 431 192 505 mihis,
218 450 256 490 ex
280 429 425 506 Saufeio,
445 431 475 492 &
496 451 523 493 c·
535 431 665 496 Xenone

87 509 165 571 feam.
185 508 235 571 De
255 507 375 589 Quinto
390 509 472 585 filio,
490 515 604 594 gaudeo
628 518 667 576 ri·

87 613 107 653 rs
128 592 236 653 litteras
254 594 338 673 ¹prius
360 614 378 652 a
399 593 547 655 rebellario
569 610 666 670 meo,

91 672 131 732 nb
159 675 170 732 i
191 671 247 747 so,
270 672 420 747 redditas;
439 694 612 757 quamquam
633 694 665 738 te

87 750 154 813 selli
176 772 225 830 er:
241 771 454 815 verumtamen.
469 754 528 816 Sed
542 755 666 839 exspec-

87 834 138 895 uid
164 835 213 895 ille
232 851 329 896 tecum
347 881 358 910 ‚
376 836 446 916 quid
466 853 498 897 ru
516 837 667 913 vicissim

87 914 155 995 inito
170 962 181 992 ,
197 918 266 996 quin
283 915 334 977 suo
356 936 438 978 more
460 935 593 999 uterque.
607 918 667 981 Sed

87 1015 157 1058 :eras
181 994 304 1057 Curium
328 998 400 1058 milri
427 997 511 1079 spero
534 999 669 1061 redditu-

87 1079 136 1160 qui
156 1077 298 1158 quidem,
317 1081 372 1139 etsi
394 1100 446 1160 per
469 1078 498 1141 se
522 1080 564 1140 est
585 1101 670 1141 arna-

89 1180 108 1219 a
128 1179 237 1240 meque
263 1160 388 1242 diligitur
407 1179 417 1234 ;
438 1178 537 1221 tamen
559 1163 671 1224 accedit

87 1241 244 1317 ¹scurnulus
259 1241 519 1302 commendationis
528 1259 595 1303 tuae.
605 1242 672 1304 Lir-

87 1322 128 1382 uis
146 1319 211 1382 satis
234 1320 399 1403 responsum
416 1320 457 1382 est
470 1343 477 1382 :
489 1343 566 1384 nnnc
582 1325 670 1400 audi,

98 1404 155 1463 eni
164 1403 295 1542 intellifo
305 1402 389 1463 scribi
396 1403 507 1466 necesse
515 1425 577 1466 non
586 1402 648 1467 'esse
660 1451 670 1481 ‚

87 1501 192 1544 nmen.
200 1484 255 1543 Mu
267 1502 295 1544 ra
304 1503 351 1544 rne
362 1487 521 1546 moventin
532 1485 650 1548 discellu
662 1532 672 1563 ,

87 1566 124 1625 nin
135 1565 302 1626 mehercule
315 1611 326 1638 ,
351 1566 431 1646 qnod
443 1564 593 1650 disjungor
605 1585 673 1629 ate.

87 1663 94 1707 r
113 1647 201 1707 etlam
219 1648 411 1729 navigationis
432 1645 544 1720 labor,
563 1647 676 1708 alienus·

87 1724 203 1789 nature
219 1726 313 1788 solum
329 1725 445 1800 nostra,
461 1728 566 1786 verum
584 1729 674 1787 etiam

87 1809 181 1883 imru
197 1807 371 1890 tempusque
388 1803 507 1868 dicesliis
524 1806 676 1868 subabsur-

91 1890 294 1970 .relinquimus
321 1892 400 1950 enim
423 1907 557 2030 sarem,
583 1904 616 1949 ut
636 1888 674 1948 ad

87 1992 99 2035 ι
120 1987 299 2033 revertamur
323 1990 334 2044 ;
361 1991 419 2052 quo
442 1990 499 2050 que
531 1972 678 2049 temporie

87 2051 184 2115 rdiolis
202 2050 327 2126 nostris,
352 2053 385 2112 ὃ(
404 2052 482 2113 belle
501 2048 676 2127 aedificatis,

87 2136 242 2196 samoenis
261 2131 390 2194 consumi
428 2133 526 2206 uruit,
545 2133 576 2192 in
614 2152 677 2194 ere·

87 2236 149 2277 rone
164 2212 369 2276 consumimus.
417 2154 656 2294 onsolanrurlimc

87 2296 248 2358 roderimus
265 2294 387 2376 ¹aliquid
412 2293 579 2365 Ciceroni,
602 2313 650 2355 aur
667 2311 680 2370 ,¹

87 2396 131 2439 nn
141 2377 245 2460 profici
256 2379 366 2456 possit,
377 2374 583 2453 judicabimus:
594 2374 679 2433 dein·

87 2476 139 2531 nm
150 2503 161 2533 ‚
173 2474 205 2519 ut
222 2457 327 2537 spero,
345 2456 377 2514 &
386 2471 418 2515 ur
425 2455 570 2535 promittis
581 2499 590 2529 ,
602 2454 678 2516 ado·

87 2539 146 2607 uod
164 2538 282 2621 quidum
298 2538 321 2596 si
337 2536 496 2610 acciderit,
510 2537 610 2595 omnia
620 2557 679 2598 no·

87 2638 141 2682 une
153 2621 284 2681 meliora.
304 2615 546 2678 Maxime-aurem
561 2636 611 2679 me
624 2634 681 2678 an·

87 2703 128 2764 rio
143 2702 322 2784 reliquorum
338 2719 473 2762 meorum
486 2720 493 2760 ι
504 2719 566 2781 quae
579 2719 681 2780 quarn·

105 2783 248 2866 explicaro
275 2780 367 2856 sunt3
395 2790 515 2856 tamen,
540 2779 621 2860 quod
647 2777 682 2838 δε

87 2865 163 2930 lellae
186 2882 298 2933 nornen
310 2867 341 2926 in
360 2865 395 2928 iic
415 2861 456 2926 ell
477 2906 488 2939 ,
505 2861 539 2925 &
557 2857 681 2924 attribu·
