2125 3784
207 398 271 451 Ao
291 380 490 449 Arrrcurr
510 380 599 451 Lra.
617 382 721 452 XVI.
751 406 820 479 257

133 500 243 573 ruerit,
257 513 373 637 emptus
384 497 528 577 pecunia,
545 495 594 556 sed
608 499 693 557 etiam
707 543 716 573 ‚
732 519 824 579 quan·

133 598 198 641 turn
215 582 247 639 in
268 582 331 660 ipo
350 578 429 651 fuit,
451 580 597 638 everterit.
612 577 705 657 Quod
724 595 823 638 autem

134 662 263 741 quaeris,
278 658 432 741 quomodo
450 661 497 739 agi
513 658 641 739 placeat,
659 680 747 740 quum
759 660 822 720 dies

135 744 276 813 venerit3
299 741 426 821 primum
442 740 532 801 velim
551 738 694 817 ejusmodi
711 742 771 813 sit,
789 758 822 800 ut

134 844 198 885 non
214 823 344 883 alienum
361 824 416 893 sit,
430 840 480 879 me
499 820 602 880 Romae
621 819 695 881 effe:
713 821 823 902 dequo
856 822 860 827 ’

135 918 169 963 ut
188 903 226 964 de
247 904 373 975 ceteris,
400 899 532 975 faciam,
558 920 590 963 ut
614 918 645 962 tu
672 900 823 963 censueris.

136 982 189 1043 De
209 982 321 1044 summa
344 997 440 1041 autem
463 1004 478 1040 a
501 984 510 1040 i
530 982 644 1061 prorsus
662 982 824 1044 vehemen-

136 1080 183 1125 ter
202 1064 235 1125 &
250 1063 350 1124 severe
362 1061 447 1125 volo.
472 1002 532 1121 ἐπεὶ
550 1062 700 1144 sponsores
722 1066 826 1143 appel·

137 1144 199 1205 lare
212 1189 223 1219 ,
244 1144 359 1207 videtur
373 1144 480 1203 habere
500 1145 653 1224 quamdam
671 1142 824 1205 Boi-onias:

138 1243 242 1285 tamen
258 1224 313 1284 hoc
333 1226 418 1305 quale
440 1225 499 1296 sit,
523 1226 687 1286 consideres
707 1224 797 1283 velim
818 1244 825 1282 :

140 1303 289 1385 possumus
299 1306 376 1365 enim
389 1321 440 1380 ,ut
458 1303 608 1384 sponsores
619 1304 800 1386 appellentur
815 1349 825 1378 ,

161 1405 341 1447 rocuratores
357 1385 539 1446 introducere
553 1406 562 1459 ;
579 1406 673 1469 neque
691 1389 770 1445 enim
782 1385 825 1445 illi

138 1408 223 1527 litem
250 1464 486 1527 contestabuntur
509 1487 515 1523 :
545 1486 603 1546 quo
633 1465 736 1541 fatto,
763 1487 824 1525 non

138 1546 203 1607 sum
220 1546 331 1608 nescius
351 1546 500 1627 sponsores
522 1544 645 1610 liberari.
666 1546 724 1607 Sed
740 1546 825 1607 &illi

138 1646 226 1708 turpe
245 1628 397 1704 arbitror,
419 1648 457 1688 eo
479 1629 618 1703 nomine,
647 1627 727 1707 quod
751 1626 827 1686 saris·

140 1709 212 1768 dato
233 1708 364 1782 debeat,
410 1724 592 1767 rocuratores
612 1705 674 1784 ejus
696 1728 756 1766 non
774 1707 828 1765 dis·

140 1788 257 1851 solvere
273 1809 282 1862 ;
300 1788 332 1849 &
344 1730 445 1848 nodrae
459 1789 624 1870 gravitatis,
645 1785 689 1866 jus
700 1784 828 1846 nostrum

140 1872 205 1931 sine
220 1868 333 1931 summa
351 1869 423 1929 illius
443 1870 603 1951 ignominia
621 1868 762 1950 persequi.
777 1864 827 1927 De

140 1950 200 2011 hoc
227 1951 299 2032 quid
318 1950 454 2032 placeat,
479 1948 613 2009 rescribas
638 1951 750 2012 velim:
772 1967 827 2008 nec

142 2031 247 2093 dubito
267 2033 334 2113 quin
352 2031 409 2092 hoc
425 2048 522 2091 totum
542 2031 634 2090 leniirs
651 2027 828 2090 administra·

132 2116 224 2173 'turus
241 2113 293 2173 sis.
318 2110 424 2174 Redeo
441 2111 478 2171 ad
498 2113 714 2193 rempublicam.
733 2108 828 2169 Multa

140 2193 311 2256 mehercule
339 2216 355 2252 a
381 2211 410 2254 te
432 2190 505 2272 saepe
526 2200 549 2252 ἐν
569 2199 701 2272 πολιτικῷ
720 2210 827 2273 genere

141 2273 304 2357 prudenter
322 2294 332 2347 ;
351 2272 400 2334 sed
419 2272 462 2332 his
482 2274 581 2333 litteris
607 2272 676 2331 nihil
699 2273 829 2352 pruden-

141 2357 211 2417 tius.
230 2360 403 2437 Quamquam
418 2357 488 2413 enim
506 2354 564 2433 post
581 2375 636 2422 ea,
658 2356 687 2410 in
709 2353 830 2432 prosen-

141 2439 186 2497 1ia
205 2436 276 2496 belli
293 2437 338 2516 iste
352 2457 421 2515 puer
441 2436 560 2493 retundit
582 2433 756 2504 Antonium,
779 2451 828 2492 ta-

142 2538 208 2575 men
229 2518 332 2575 exitum
355 2514 504 2595 exspet‘lare
522 2513 656 2572 debemus.
678 2514 741 2587 At,
764 2536 829 2595 quae

142 2596 252 2657 concio
265 2596 277 2657 l
292 2614 360 2654 nam
381 2594 422 2655 est
438 2593 517 2653 missa
537 2593 623 2652 mihi:
636 2591 708 2671 jurat
721 2597 760 2655 ira
774 2597 829 2654 sibi

138 2678 271 2759 parentis
290 2678 404 2735 honores
424 2676 500 2754 conse
518 2677 547 2733 ui
564 2676 672 2735 liceat:
696 2677 727 2735 &
746 2676 831 2736 simul

142 2756 279 2817 dextram
294 2756 417 2816 intendit
436 2756 473 2815 ad
492 2698 618 2816 (laruam.
638 2754 708 2818 mit
730 2751 831 2815 cosdro

138 2840 231 2909 ria-lyr
244 2839 347 2899 τιιέτυ.
359 2835 437 2908 Sed,
455 2852 487 2895 ut
501 2836 597 2896 scribis
613 2881 623 2909 ‚
641 2834 830 2894 certissimum

142 2912 205 2981 effe
229 2915 321 2980 video
343 2916 495 2980 discrimen
515 2915 614 2981 casca
632 2912 721 2977 nostri
739 2908 832 2982 tribu-2
