2125 3784
344 379 636 441 Lartuvn
768 372 822 457 3&

137 484 165 535 in
186 498 234 552 quo
254 472 367 531 audiendi
382 478 465 529 causi.
486 460 637 527 'Consilium
654 460 773 544 puilicum
793 482 830 530 di.

134 560 203 609 uitur
224 556 255 605 de
274 555 357 606 senatu
374 585 382 610 ,
401 552 433 603 de
451 550 546 603 senatis
564 551 665 602 decreto
684 582 694 612 ‚
719 553 750 603 de
765 552 829 620 judi.

137 631 428 753 αοῦζζςοιιυᾼτυς.
448 697 514 748 Fam.
562 729 570 756 ,
588 711 632 747 ιο.
648 696 753 749 rationes
770 715 832 750 een.

134 773 268 845 solidate,
286 772 314 823 in
334 771 421 839 quibus
432 711 582 838 accepti}
599 771 706 837 expensa
726 772 831 825 consen-

137 851 213 901 siunt.

177 921 409 973 consumat.
420 918 496 969 Vere.
514 931 525 967 ι
541 950 550 973 ,
570 932 595 968 1.
608 917 746 981 constituere
759 938 831 971 acen·

135 992 255 1065 sationem
272 993 362 1043 dicitur
378 992 444 1042 aiios
458 1025 465 1050 ,
481 1007 555 1057 quum
572 1007 602 1040 ea
619 1007 742 1057 companas
754 1026 761 1051 ,
775 1012 830 1060 quae
874 1029 876 1037 .

139 1071 171 1121 ad
187 1067 367 1129 accusationem
391 1065 444 1114 sunt
462 1063 600 1113 necessaria.
627 1062 692 1115 Part.
710 1080 737 1130 9.
756 1067 829 1135 fidem

140 1142 299 1205 constituere,
316 1138 350 1188 est
366 1138 448 1187 facete
461 1151 488 1186 ut
502 1135 563 1187 fides
578 1137 704 1188 habeatur.
722 1140 789 1189 Mur.
804 1155 830 1202 5.

139 1232 173 1265 en
190 1214 253 1265 Asia
272 1213 329 1273 iaus
342 1209 443 1277 familia
466 1210 593 1272 constituta
608 1211 659 1272 est,
678 1212 696 1261 i.
716 1229 740 1262 e.
760 1229 829 1263 com.

139 1300 235 1355 parata.
257 1284 341 1336 Rabir.
366 1282 439 1333 Perd.
460 1299 485 1332 2.
502 1283 641 1344 constituere
663 1285 828 1352 rempublicam

139 1361 278 1417 dicuntur,
299 1357 340 1425 qui
358 1356 452 1423 legibus
473 1357 571 1422 aliisque
588 1356 741 1418 rationibus,
759 1360 828 1412 maiis

134 1433 204 1500 ¹reip.
237 1429 462 1499 ingravescentibus
494 1430 632 1479 medentur.
661 1430 766 1481 Marcel.
801 1433 830 1484 8.

139 1502 420 1570 constituendajudieia,
439 1518 484 1568 pro
501 1502 673 1553 restituenda·
689 1507 744 1556 Att.
759 1521 768 1555 1
782 1519 830 1571 ‚3-

143 1579 280 1643 c'onjiieuere
289 1577 401 1627 dicuntur
412 1609 420 1635 ‚
432 1575 471 1642 qui
483 1575 512 1624 de
527 1593 554 1626 re
565 1577 643 1642 aliqua
652 1578 806 1641 paciscuntur
818 1612 828 1637 ‚

140 1654 206 1704 inter
216 1668 278 1719 quos
289 1651 319 1701 de
328 1667 356 1700 te
367 1650 447 1716 aliqua
461 1649 587 1700 convenit.
600 1648 682 1699 Cincio
699 1650 729 1700 H
741 1651 770 1701 S.
783 1666 828 1702 xx

142 1724 252 1789 constitui
265 1742 301 1775 me
314 1738 456 1773 curaturum.

179 1798 387 1849 Contu-sunl.
403 1795 504 1863 Proprie
522 1795 558 1846 est
578 1795 660 1846 testem
679 1796 784 1864 aliquem
802 1797 828 1849 in

87 1888 91 1901 ·
141 1887 170 1924 se
184 1871 266 1938 aliqua
282 1872 364 1921 iacere
381 1871 427 1920 hac
445 1869 568 1928 formuli,
586 1869 649 1931 testis
666 1869 713 1931 esto
734 1886 744 1920 .·
764 1873 830 1922 unde

142 1946 198 1997 Διί.
219 1944 250 1995 16
266 1978 276 2001 ‚
298 1958 309 1994 a
316 1959 341 2007 5.
360 1942 437 1993 Lirem
460 1943 605 2006 contestari,
626 1942 677 2001 est,
697 1959 770 2010 quum
787 1945 832 1994 ad·

141 2018 261 2070 versarius
279 2009 382 2084 uterque
398 2050 405 2075 ,
427 2017 468 2083 qui
485 2018 515 2066 ad
534 2028 664 2083 pretorem
683 2029 832 2068 controver-

142 2092 200 2144 siam
219 2091 340 2142 detulerat
354 2090 443 2156 judicio
459 2090 613 2140 dirimendam
635 2125 643 2149 ,
666 2091 737 2140 causi
755 2108 831 2156 expo·

140 2156 189 2216 'eiu
199 2164 310 2215 breviter
325 2164 351 2214 dt
366 2163 461 2213 narrati
478 2164 597 2231 praetori,
615 2164 710 2214 dicebat
725 2166 830 2230 praeien·
879 2165 882 2172 '

143 2238 208 2291 tibus
225 2270 234 2298 ‚
254 2236 322 2299 testes
341 2236 422 2298 estote.

180 2310 435 2370 Cou'rossouaau,
451 2309 549 2375 proprii,
565 2309 652 2362 dicitur
667 2311 698 2361 de
713 2327 745 2361 eo
760 2322 831 2362 motu

142 2383 237 2443 hasta,
255 2395 298 2434 aut
315 2381 485 2448 cujuscumque
512 2382 611 2447 jaculi,
633 2399 682 2449 quo
702 2384 725 2431 ei
749 2383 830 2448 majo·

144 2472 196 2509 sem
212 2458 262 2508 vim
279 2468 352 2523 atque
369 2455 485 2520 impetum
502 2454 620 2504 addimus.
638 2457 718 2521 Atque
736 2455 756 2506 is
775 2473 831 2507 mo·

142 2542 202 2588 eus,
216 2546 295 2596 eaque
312 2527 430 2598 agitatio,
449 2543 494 2593 pto
510 2527 606 2578 ratione
622 2527 757 2594 jaculorum
770 2542 832 2586 ‚aut

143 2620 216 2655 manu
232 2602 278 2661 fit.
292 2615 334 2653 aut
350 2601 459 2652 machini
476 2634 483 2659 ,
505 2619 559 2667 quae
574 2601 629 2652 inde
646 2617 783 2652 tomentum
795 2602 831 2651 di·

142 2676 219 2727 situs.
238 2676 302 2726 Hinc
318 2674 365 2733 fit,
380 2687 407 2725 ut
421 2675 536 2742 quidquid
554 2673 658 2726 celerius
675 2687 788 2725 movetur
804 2674 831 2724 dt

134 2748 224 2801 sertui
240 2780 249 2807 ,
266 2762 309 2798 aut
328 2745 498 2800 vehementius
513 2761 616 2815 propter
632 2748 776 2797 brevitatem
794 2744 835 2796 fe-

142 2822 201 2879 eit,
228 2820 255 2871 id
277 2838 349 2873 omne
369 2821 521 2888 contorqueri
539 2854 548 2877 ,
575 2834 706 2869 contortum
728 2819 834 2870 dicatur.

144 2894 204 2947 siat.
224 2894 263 2946 D.
282 2909 293 2945 ι
309 2926 319 2955 ,
338 2910 379 2946 so.
399 2897 486 2963 globus
503 2894 593 2943 dicitur
609 2892 693 2959 magnai
709 2890 832 2941 celerima

140 2967 306 3034 enumquam.
325 2968 374 3021 Or.
390 2983 426 3031 2,
445 2982 488 3035 ¹7·
504 2966 544 3039 qui
562 2962 702 3037 (animus)
715 2977 830 3035 mem

180 3038 270 3099 roms
287 3039 366 3097 XIV.
681 3034 705 3093 R

850 3172 939 3424 J
