2125 3784
265 376 332 472 176
448 378 747 451 Entsaoaa
843 341 848 349 ι

245 543 252 581 ;
309 507 442 599 Cicauo
456 507 672 573 Demeam
682 509 763 574 Cos.
777 512 847 575 suo
859 507 907 577 ss

246 612 374 725 [Essa
396 667 549 713 contennis
577 673 681 729 etam,
701 655 743 714 mi
762 649 941 728 Dolabellag

246 733 310 797 'tuti
326 728 443 812 gloria,
461 730 580 814 satisque
596 754 634 794 ex
652 753 688 795 ea
708 753 846 815 magnam
867 733 940 794 lati·

246 815 332 895 „tiam
357 808 596 895 voluptatemque
618 814 778 894 sapiebant
804 834 814 875 t
844 831 940 877 tamen

248 915 320 960 ¹nun
342 887 454 973 possum
477 914 539 954 non
560 890 712 966 confiteri,
728 893 872 955 cumulari
895 914 939 956 me

248 970 551 1053 'maximo'gaudio‚
572 974 652 1055 qubd
677 975 767 1055 vulgis
790 973 941 1045 homiuum

250 1077 282 1123 ,ο
304 1055 364 1114 inio
379 1051 486 1112 socium
506 1073 554 1114 me
569 1053 709 1114 adscribat
728 1056 783 1114 tuis
799 1055 941 1116 laudibus.

292 1137 418 1196 eminem
434 1136 559 1199 conveni
573 1133 587 1215 (
600 1135 745 1195 convenio
758 1152 857 1195 autem
867 1155 942 1215 quo-

251 1216 333 1295 [tidie
351 1215 490 1295 plurimos
506 1236 513 1274 t
527 1213 590 1274 sunt
601 1217 680 1275 enim
691 1216 828 1294 permulti
839 1216 942 1297 optimi

255 1298 317 1361 ‚viti
328 1331 339 1367 i
349 1296 400 1375 qui
408 1293 581 1355 valetudinis
595 1295 680 1354 causi
691 1296 723 1354 in
732 1295 776 1355 his
789 1294 864 1365 locis
874 1315 943 1355 con-

251 1377 554 1512 Jveniunt;ssptaeterea
570 1394 607 1436 ex
624 1377 789 1456 municipiis
806 1374 943 1456 frequen·

252 1469 305 1535 ¹tes
325 1474 396 1516 nece
419 1455 469 1513 atii
487 1451 570 1594 mei}
587 1458 655 1535 quin
667 1475 793 1530 omnes,
810 1474 902 1536 quum
914 1472 942 1516 te

260 1535 378 1597 summis
388 1531 546 1595 laudibusa
576 1535 944 1610 coelumextuletunt‚mi·

251 1608 293 1697 {hi
312 1615 452 1677 continui>
477 1618 616 1676 maximas
639 1618 742 1698 gratias
766 1630 855 1698 agant
867 1635 875 1676 t
887 1635 944 1685 ne,-

251 1715 333 1778 ·gant
348 1697 427 1758 enim
439 1694 467 1758 se
482 1696 632 1770 dubitate,
651 1697 721 1778 quin
738 1714 769 1756 tu
787 1698 862 1757 meis
873 1717 945 1836 ffi-

254 1781 375 1859 teptis,
389 1778 422 1839 &
436 1777 562 1838 consiliis
572 1778 797 1856 obtemperans,
811 1797 871 1858 prae
962 1803 965 1810 ¹

263 1860 405 1922 tissimum
422 1874 451 1918 te
469 1860 587 1931 civem,
603 1858 634 1916 &
650 1857 821 1939 singularem
838 1855 944 1917 consu·

253 1938 323 1998 'lem
341 1938 479 2017 praebeas.
496 1936 612 2016 Quibus
628 1958 644 1998 e
666 1961 685 1999 o
700 1958 877 2019 quamquam
890 1955 945 1999 ve·

234 2027 236 2033 '
254 2009 374 2079 ‘tissime
399 2015 511 2097 polium
534 1959 729 2099 respondere,
751 2036 801 2092 te,
819 2039 886 2157 fua
901 2015 946 2078 fa·

253 2098 340 2176 kias,
360 2113 412 2156 tuo
431 2093 559 2174 judicio,
581 2099 614 2158 ὅ(
632 2100 682 2160 tui
699 2097 802 2178 sponte
833 2118 945 2172 acere,

257 2197 318 2255 *nec
337 2173 501 2257 cujusquam
513 2198 601 2274 egere
613 2179 734 2242 consilio
746 2200 756 2253 ;
772 2197 871 2240 tamen
887 2198 945 2239 ne·

256 2276 320 2342 ¹que
340 2257 427 2338 plane
443 2257 602 2332 assentior,
619 2281 656 2322 ne
675 2262 846 2320 imminuam
865 2268 946 2320 tuam

260 2338 402 2411 laudem,
428 2341 453 2399 si
474 2342 569 2401 omnis
596 2363 614 2399 a
637 2341 710 2401 meis
731 2341 856 2409 consiliis
873 2359 946 2420 pro·

255 2416 337 2500 [seila
362 2419 518 2492 videatur3
537 2440 630 2500 neque
655 2420 741 2481 valde
763 2441 851 2502 nego.
875 2419 944 2482 Sum

258 2501 342 2575 ¹enitn
360 2501 491 2576 avidior,
508 2504 597 2561 etiam
615 2500 702 2582 quim
720 2499 785 2561 satis
802 2499 862 2575 est,
876 2500 946 2582 glo·

261 2582 321 2641 riae.
340 2579 377 2642 Et
394 2598 491 2640 tamen
503 2603 564 2640 non
581 2581 707 2641 alienum
719 2581 859 2663 dignitate
875 2580 947 2654 tuit,

256 2661 345 2743 ¹quod
356 2663 411 2742 ipsi
428 2659 457 2720 A
476 2664 643 2720 amemnoni
656 2706 665 2734 ‚
677 2681 779 2742 regum
791 2662 875 2742 tegi,
892 2659 947 2719 fuit

257 2740 412 2819 ‚honestum
428 2785 438 2814 ‚
455 2681 560 2800 §abere
580 2740 705 2819 aliquem
715 2745 745 2800 in
759 2741 884 2802 consiliis
898 2759 949 2798 ca·

259 2823 376 2903 .piendis
389 2817 544 2903 Nestorem
563 2821 657 2880 :mihi
674 2823 745 2880 verb
764 2819 946 2904 gloriosum,

259 2904 292 2963 'te
317 2901 455 2984 juvenem
482 2901 629 2963 consulem
656 2901 760 2964 florere
790 2901 948 2977 laudibus,
