2125 3784
182 345 248 413 126
353 342 654 412 epistota
762 365 764 371 ·

177 457 266 518 bendi
281 453 416 538 potestas.
429 455 472 517 Ea
484 458 557 519 verb
571 457 752 532 continebis,
764 461 863 539 quoad

178 537 238 619 ipse
263 554 291 597 te
312 536 454 611 videam3
477 537 556 619 quod
580 537 800 619 diligentissime
817 539 864 600 fa-

180 637 246 679 cete
268 617 365 691 soles,
387 639 477 700 quum
497 641 514 678 a
537 637 585 678 me
603 620 657 677 tibi
675 617 785 680 diflum
804 618 865 682 est:

182 714 388 839 {dixit
404 698 739 840 dimidii
751 702 866 842 imd‘

392 825 402 852 ‚
674 801 694 862 p
716 802 756 841 ιο
770 802 811 863 op
843 802 866 842 ae

183 861 323 941 flagrans,
333 859 465 920 describit
477 883 494 921 a
505 865 578 920 tuis:
589 857 657 920 'rstos
700 860 746 921 sos
759 865 795 921 de
798 863 867 941 fini-

183 942 233 999 bus
246 941 352 1001 habet:
365 960 423 1022 ego
442 959 538 1002 autem
551 940 604 1000 eibi
615 883 757 1002 condiano
774 942 866 1024 (pos-

183 1019 246 1081 sum
261 1018 321 1081 falli
334 1066 344 1094 ‚
358 1039 391 1082 ut
410 1018 578 1100 humanus)
596 1042 613 1080 a
629 1024 702 1082 meis
720 1043 788 1083 eam
808 1043 866 1083 non

184 1101 316 1163 habere:
337 1121 495 1183 numquam
518 1102 597 1161 enim
623 1102 659 1160 ab
682 1103 775 1162 oculis
795 1106 867 1164 meis

184 1181 356 1243 abfuerunt:
376 1200 488 1243 tantum
508 1181 598 1262 porro
617 1183 716 1243 aberat
732 1199 765 1242 m
783 1182 865 1244 binos

184 1261 358 1334 scriberent3
370 1265 419 1323 vix
432 1262 561 1345 singulos
573 1260 772 1343 confecerunt.
783 1260 867 1323 Tuo·

184 1364 250 1403 rum
261 1360 359 1402 tamen
374 1362 432 1424 ego
448 1343 560 1402 nullum
575 1340 710 1402 delidum
727 1343 866 1418 arbitron

186 1423 322 1503 idemque
341 1438 371 1482 te
391 1423 463 1483 volo
486 1420 645 1484 existimare
661 1442 669 1481 ι
688 1445 705 1482 a
724 1444 774 1484 me
791 1424 868 1487 enim

185 1501 402 1584 praetermissum
428 1501 469 1563 est
492 1549 501 1576 ‚
521 1521 553 1563 ut
575 1503 703 1564 dicerem
721 1549 732 1579 ‚
751 1525 801 1566 me
817 1525 868 1567 eos

187 1587 266 1644 exite
279 1583 410 1645 nondum
423 1585 509 1646 velle.
524 1584 584 1644 Hui
598 1583 685 1664 quim
699 1584 748 1645 diu
762 1585 800 1646 de
815 1606 868 1647 uu·

190 1663 261 1745 gis?
278 1665 314 1724 de
336 1685 367 1725 re
388 1667 466 1725 enim
486 1665 556 1724 nihil
576 1663 695 1738 habeo,
720 1667 802 1746 quod
820 1666 870 1728 lo-

189 1765 268 1825 quat.
290 1744 516 1806 DeDolabella
534 1744 587 1806 tibi
607 1743 750 1807 affentior.
771 1743 870 1807 Cohe-

187 1827 297 1900 aedes,
310 1842 341 1886 ut
360 1826 478 1900 scribis,
493 1828 522 1885 in
540 1824 717 1886 Tusculano.
736 1823 785 1887 De
801 1823 868 1887 Cae·

190 1904 257 1965 satis
274 1910 401 1965 adventu
420 1904 530 1984 scripsit
548 1905 646 1967 adme
665 1904 772 1966 Balbus
783 1926 870 1981 ‚non

188 2005 256 2046 ame
274 1985 340 2043 Kal.
356 1984 434 2045 Sext.
453 1984 503 2047 De
519 1984 618 2047 Attica
637 1987 772 2067 optime,
791 1986 872 2093 qnod

188 2067 305 2138 levius,
327 2085 360 2123 ac
378 2065 494 2141 lenius,
518 2068 550 2127 &
575 2068 654 2148 quod
673 2065 730 2127 fert
754 2062 872 2132 adanu.

189 2145 284 2225 Quod
294 2163 390 2206 autem
403 2147 439 2207 de
450 2149 498 2207 illa
511 2146 607 2208 nostra
618 2148 795 2229 cogitatione
807 2146 873 2208 scri·

190 2227 254 2300 bis,
270 2227 300 2288 in
320 2248 375 2308 qua
392 2229 462 2290 nihil
479 2230 532 2290 tibi
550 2229 645 2301 cedo;
663 2247 719 2301 ea,
734 2248 799 2308 qua
813 2249 873 2288 no·

190 2309 222 2369 vi
235 2352 245 2380 ,
258 2308 344 2370 valde
363 2313 458 2390 probo
469 2355 479 2383 ,
489 2310 661 2379 hominem,
677 2309 801 2369 domum
812 2351 822 2381 ,
833 2306 873 2367 fa·

192 2388 329 2473 cultates:
350 2392 430 2470 quod
448 2407 533 2529 (Ἰοῖ
547 2387 607 2460 est,
625 2387 718 2469 ipsum
733 2409 795 2450 non
815 2409 873 2448 no·

183 2472 242 2542 ’νὴ
256 2469 305 2531 sed
325 2471 411 2530 audio
430 2471 475 2529 lau
496 2470 581 2528 abilin
596 2469 632 2530 de
652 2467 771 2529 Scrofa:
786 2471 871 2530 etiam

193 2552 325 2630 proxime
346 2550 480 2623 accedit,
507 2551 530 2607 si
553 2551 621 2630 quid
644 2550 702 2609 hoc
723 2549 761 2607 ad
786 2567 871 2610 tem:

192 2629 356 2708 tv'yoieap&
371 2629 411 2690 est
425 2632 534 2703 etiam,
551 2630 638 2711 quim
654 2647 745 2708 pater.
761 2626 872 2690 Coraim

191 2704 872 2873 iiiia&iddssisd⁶¹¹i3t²d3ssftss⁹¹32

329 2834 339 2863 2
568 2837 578 2864 2
815 2833 825 2862 2

193 2870 263 2932 scire
277 2890 306 2934 te
320 2887 413 2952 puto,
426 2870 491 2953 plus
509 2875 616 2946 etiam,
631 2871 718 2953 quim
736 2892 797 2935 noo
809 2888 873 2931 mo·
