2125 3784
189 368 244 417 ar
275 351 602 413 Centaretum.
687 364 747 430 329

170 487 179 513 ,
202 471 228 504 2.
248 454 275 504 ln
293 454 355 518 reip.
377 451 579 503 administratione
600 450 699 501 versati.
721 467 747 518 3.

167 545 226 579 tm...
243 526 429 596 Tyrannicidae.
452 539 493 574 11.
513 523 599 590 Remp.
619 526 749 592 gessimus.

183 616 261 666 remp.
277 598 352 667 magis
369 596 526 665 pertinentia.
542 612 586 659 24.
606 595 749 665 Elegantes.

167 675 265 724 tantia.
621 690 628 705 ν

167 690 237 802 ‚gud
249 745 358 815 Regino,
367 745 506 811 Cleopatrae
517 776 524 802 ‚
536 741 637 811 AEgypti
648 743 749 813 reginae.

167 836 210 877 .r.
227 819 360 888 Designati
381 817 497 885 consules·
515 817 609 867 Hirtius
627 818 652 868 δι
666 817 750 869 Pansa.

167 927 171 952 ,
191 908 213 945 r.
233 892 371 961 Capitolino
388 893 435 942 dic.
455 890 538 955 Quum
554 889 682 942 interfecto
694 890 752 944 Cae·

168 965 275 1031 oniurati
289 966 316 1016 in
337 965 486 1031 Capitolium
505 965 678 1031 confugerunt.

179 1056 219 1103 14.
238 1039 341 1090 Terram
360 1056 405 1106 pro
424 1052 511 1095 terra,
528 1038 594 1103 quod
615 1037 702 1088 dicitur
722 1038 752 1088 de

177 1113 253 1163 soium
268 1125 369 1163 uertere
387 1112 503 1178 cogitant.
517 1109 569 1158 Tua
579 1124 666 1160 tamen.
677 1113 753 1160 Nem·

167 1190 223 1246 tur,
240 1182 289 1253 qud
306 1201 344 1235 me
363 1184 452 1235 invitas
468 1218 475 1244 ,
494 1178 653 1258 dnovipm,
675 1198 752 1233 vento

167 1274 184 1309 a
199 1292 209 1318 ,
224 1275 270 1309 nec
296 1258 351 1308 satis
377 1260 407 1307 ab
432 1258 539 1310 hostibus
566 1274 628 1313 tuta.
654 1253 754 1323 Nausia

167 1330 211 1384 du.
238 1332 276 1382 Ita
292 1333 374 1381 locum
393 1329 514 1401 distinguit
533 1335 559 1387 δι
578 1335 752 1402 interpretatur

168 1422 190 1458 r.

186 1492 227 1544 3¹·
246 1477 311 1532 Juris
328 1478 549 1530 concertationem.

167 1586 173 1611 ,
190 1567 231 1616 ¹7·
248 1552 470 1619 intemperantiam.

167 1639 234 1690 ,19.
255 1625 313 1676 odii
330 1642 431 1692 ponam.
450 1625 528 1675 Notat
540 1623 669 1679 ,Vidiorius
684 1625 755 1677 codi-

167 1739 169 1748 .
182 1699 218 1749 cic
229 1697 312 1766 regii)
326 1698 417 1761 habere
426 1714 512 1762 penam
521 1731 529 1756 ,
539 1699 591 1748 sine
604 1699 753 1766 diphtongo,

167 1788 247 1838 umque
265 1770 363 1821 omnino
379 1770 478 1830 censet,
497 1771 548 1820 odii
560 1771 657 1839 plenam
668 1807 677 1829 ‚
689 1773 758 1823 sensu

172 1845 199 1896 δι
217 1845 356 1895 commodo.

167 1953 169 1965 ,
195 1932 237 1969 21.
259 1916 284 1970 0
308 1916 395 1966 fadum
412 1917 554 1982 preclarum
572 1919 693 1987 quidem,
715 1919 756 1971 sed

167 1990 247 2042 titum.

172 2097 180 2125 ,
202 2064 249 2116 18,
266 2062 316 2114 Ubi
333 2081 376 2113 nec
392 2062 685 2135 Pelopidarum,inquit,
704 2065 757 2118 scii.

167 2136 421 2204 .Vcrsum'integrum
436 2138 534 2190 adducit
549 2140 591 2191 lib.
608 2158 648 2202 15.
662 2158 702 2208 ep.
715 2157 756 2192 10.

167 2247 170 2262 .
185 2225 230 2277 29.
240 2211 314 2279 Apud
325 2211 352 2263 V
349 2212 464 2276 estorium,
480 2211 531 2277 Qui
546 2213 654 2266 Puteolis
668 2232 755 2282 argen-

173 2283 288 2335 faciebat.

174 2389 182 2417 ,
204 2357 230 2408 6.
251 2355 324 2407 Plani
341 2358 366 2409 &
383 2357 475 2408 humili.
497 2369 538 2404 10.
558 2356 606 2405 Sed
622 2359 691 2408 nobis
712 2375 759 2409 cu-

167 2431 227 2480 rest
245 2430 359 2481 convivio
379 2431 443 2480 suavi
462 2444 562 2492 operam
581 2430 656 2490 dare3
676 2430 760 2482 verum

167 2519 270 2572 nagnam
286 2503 466 2569 tempestatem,
484 2517 499 2549 ο
514 2501 582 2554 Jovis
601 2507 711 2564 alumne,
723 2507 761 2555 in·

167 2592 173 2625 t
190 2609 198 2636 ,
220 2576 416 2637 extimescimus,
433 2578 457 2628 in
476 2576 598 2643 dubioque
620 2580 673 2638 est,
690 2578 760 2629 salvi-

167 2665 181 2699 n
198 2649 320 2701 interituri
335 2651 418 2703 cimus.
439 2650 477 2702 lli.
494 2646 505 2704 ι’
525 2650 587 2699 228.

173 2754 181 2778 ,
199 2736 223 2786 3·
240 2725 298 2774 Non
314 2723 378 2783 tibi,
396 2737 450 2774 nata
461 2739 513 2772 mea
530 2755 538 2778 ,
561 2722 615 2773 data
633 2723 685 2772 sunt
700 2736 760 2784 ope·

169 2795 206 2845 ica
222 2813 232 2853 ;
247 2795 333 2848 verium
350 2811 377 2847 tu
393 2800 481 2862 placita
499 2793 645 2858 persequere
662 2808 761 2842 munera

167 2868 234 2922 ntiae.
254 2871 292 2924 lli.
310 2868 322 2927 i
339 2870 403 2936 428.
419 2871 467 2926 Pro
482 2866 581 2942 γάμοιο
597 2868 688 2919 Cicero
705 2864 764 2918 scri·
