2125 3784
288 337 353 408 160
465 331 499 400 E
511 344 603 401 1³15
622 345 647 398 τ
662 348 686 399 o
699 344 724 397 ι
738 342 772 399 1

282 470 367 534 gnam
391 466 459 510 cum
477 445 622 508 Antonio.
647 441 800 504 Buthrotia
823 443 870 505 mi

280 549 328 592 res
347 527 411 605 est,
431 545 465 620 ut
487 527 604 601 debet,
628 525 739 603 eritque
759 544 851 620 curm·

280 606 589 753 §inueniri
602 600 870 764 siiieiiociiii'

263 770 462 833 detersimus.
488 769 617 848 Quintus
639 781 721 846 parer
743 764 850 827 adme

274 851 318 913 -de
336 850 418 927 filio,
436 849 562 911 maxime
578 846 659 927 quod
678 848 762 904 matri
777 866 856 906 nunc

281 952 372 1014 gear,
393 932 441 997 cui
458 948 544 992 antea
562 929 638 989 bene
658 927 783 987 merenti
802 925 868 988 fuer

281 1015 390 1075 micus:
408 1011 543 1073 ardentes
554 1004 584 1068 in
595 1027 662 1069 eum
676 1007 783 1067 litteras
795 1006 834 1068 ad
848 1026 870 1067 u

283 1097 331 1156 sit.
353 1093 405 1155 Ille
425 1110 521 1155 autem
540 1089 610 1171 quid
630 1102 716 1169 agat,
736 1087 760 1144 si
778 1085 852 1162 scis,

284 1175 354 1235 dum
374 1172 472 1235 Romi
492 1191 523 1231 es
542 1166 712 1250 ρτοὶεᾶιιε,
733 1167 837 1229 scribas
855 1188 870 1229 a

283 1256 373 1317 velim
386 1274 396 1327 ;
413 1254 446 1314 &
461 1251 578 1311 hercule
593 1255 614 1321 ‚‘
623 1249 647 1307 si
665 1245 734 1329 quid
754 1247 844 1311 aliud.
860 1246 870 1279 Ἰ

283 1353 398 1396 menter
412 1329 541 1392 deleuor
555 1330 612 1390 tuis
631 1328 742 1391 litteris.

395 1449 552 1512 Crcuno
581 1447 863 1513 Aureo-sn.

286 1534 521 1637 11.Nun1us
544 1573 644 1635 cenius
665 1570 734 1632 dedi
752 1568 789 1631 ad
808 1587 839 1633 te
858 1588 869 1633 c

283 1654 342 1714 lam
360 1656 544 1796 lonffrorem:
563 1673 639 1716 nunc
657 1651 694 1713 ad
708 1671 763 1725 ea,
781 1670 848 1732 quae
867 1675 869 1683 ’

283 1737 341 1797 m'e.
368 1736 416 1798 Ve
428 1740 469 1797 im
496 1734 690 1806 mehercule,
714 1729 869 1799 Astura}

282 1817 444 1879 A’runm'aer
470 1813 588 1875 istorum
613 1812 708 1874 scribis
728 1833 736 1872 2
760 1833 798 1873 an
826 1830 869 1873 cel

282 1893 393 1953 aliter?
419 1895 557 1974 equidem
578 1897 666 1955 etiam
687 1890 798 1972 majora
819 1892 869 1953 exi

283 1970 388 2049 Quum
403 1975 540 2054 equidem
553 1978 725 2037 concionem
739 1974 808 2056 lego
819 1975 869 2047 ,dc

282 2056 366 2124 uiro,
381 2055 414 2112 de
432 2057 586 2116 clarissimo
603 2058 658 2116 civi
668 2064 687 2128 ,'
694 2053 768 2114 ferre
787 2073 849 2116 non
867 2088 868 2097 κ

282 2134 336 2192 cui
356 2130 407 2192 ista
424 2131 483 2212 jam
500 2137 537 2196 ad
552 2135 646 2196 risum.
663 2133 723 2196 Sed
737 2148 869 2196 memenr

283 2213 367 2273 alitur
381 2214 561 2279 consuetudo
572 2215 748 2297 perditarum
768 2216 869 2277 concie

282 2308 314 2353 ut
333 2293 421 2355 nostri
440 2297 502 2372 illi,
518 2319 578 2358 non
594 2297 716 2370 heroes,
735 2294 785 2358 sed
802 2297 862 2370 dii,

283 2375 402 2454 quidem
414 2378 443 2437 in
456 2380 547 2460 gloria
561 2377 733 2457 sempiterna
745 2379 822 2451 sint,
840 2374 868 2437 se

282 2457 344 2515 sine
369 2457 500 2530 invidia,
530 2477 568 2518 ne
594 2459 654 2518 sine
678 2458 808 2538 periculo
836 2474 868 2539 qt

281 2532 395 2597 Verirm
415 2538 470 2598 illis
485 2557 590 2618 magna
608 2537 789 2611 consolatio,
808 2556 867 2597 con

280 2618 321 2677 ria
333 2620 451 2678 maximi
467 2619 499 2678 ἂ
514 2619 661 2677 clarissimi
673 2617 759 2691 facii3
776 2617 863 2678 nob'u

282 2700 332 2778 qui
346 2696 497 2758 interfecio
510 2716 579 2777 rege
595 2697 678 2758 liberi
693 2719 753 2758 non
769 2697 864 2760 sumus

280 2778 342 2837 haec
361 2775 474 2837 fortuna
492 2778 622 2847 viderit,
644 2783 782 2859 quoniam
804 2781 868 2840 ratic

281 2859 431 2937 gubernat.
449 2854 498 2918 De
517 2855 683 2935 Cicerone,
700 2880 764 2942 quae
783 2858 868 2922 scribi
