<?xml version="1.0" encoding="UTF-8"?>
<!DOCTYPE html PUBLIC "-//W3C//DTD XHTML 1.0 Transitional//EN"
    "http://www.w3.org/TR/xhtml1/DTD/xhtml1-transitional.dtd">
<html xmlns="http://www.w3.org/1999/xhtml" xml:lang="en" lang="en">
 <head>
  <title>
</title>
<meta http-equiv="Content-Type" content="text/html;charset=utf-8" />
  <meta name='ocr-system' content='tesseract 3.04.00' />
  <meta name='ocr-capabilities' content='ocr_page ocr_carea ocr_par ocr_line ocrx_word'/>
</head>
<body>
  <div class='ocr_page' id='page_1' title='image "./mtulliiciceroni02lallgoog/mtulliiciceroni02lallgoog_0338.png"; bbox 0 0 2125 3784; ppageno 0'>
   <div class='ocr_carea' id='block_1_1' title="bbox 182 347 639 480">
    <p class='ocr_par' dir='ltr' id='par_1_1' title="bbox 182 347 639 480">
     <span class='ocr_line' id='line_1_1' title="bbox 182 347 639 480; baseline 0.002 -23"><span class='ocrx_word' id='word_1_1' title='bbox 182 347 245 480; x_wconf 35' lang='lat'>332*⁴</span> <span class='ocrx_word' id='word_1_2' title='bbox 407 395 639 458; x_wconf 63' lang='lat' dir='ltr'>Noram</span> 
     </span>
    </p>
   </div>
   <div class='ocr_carea' id='block_1_2' title="bbox 182 495 920 961">
    <p class='ocr_par' dir='ltr' id='par_1_2' title="bbox 182 495 865 786">
     <span class='ocr_line' id='line_1_2' title="bbox 222 495 527 563; baseline -0.003 -14"><span class='ocrx_word' id='word_1_3' title='bbox 222 514 288 563; x_wconf 89' lang='lat'>192,</span> <span class='ocrx_word' id='word_1_4' title='bbox 309 495 349 545; x_wconf 82' lang='lat'>18.</span> <span class='ocrx_word' id='word_1_5' title='bbox 367 496 527 563; x_wconf 71' lang='lat' dir='ltr'>Argumenta,</span> 
     </span>
     <span class='ocr_line' id='line_1_3' title="bbox 187 569 863 640; baseline 0 -17"><span class='ocrx_word' id='word_1_6' title='bbox 187 576 198 601; x_wconf 85' lang='lat'>·&#39;</span> <span class='ocrx_word' id='word_1_7' title='bbox 218 573 281 623; x_wconf 88' lang='lat' dir='ltr'>lbid.</span> <span class='ocrx_word' id='word_1_8' title='bbox 297 586 341 630; x_wconf 90' lang='lat'>24.</span> <span class='ocrx_word' id='word_1_9' title='bbox 355 570 429 622; x_wconf 82' lang='lat' dir='ltr'>Totus</span> <span class='ocrx_word' id='word_1_10' title='bbox 444 573 506 621; x_wconf 83' lang='lat' dir='ltr'>alius</span> <span class='ocrx_word' id='word_1_11' title='bbox 517 569 578 640; x_wconf 74' lang='lat' dir='ltr'>sum.</span> <span class='ocrx_word' id='word_1_12' title='bbox 594 572 631 622; x_wconf 85' lang='lat' dir='ltr'>lta</span> <span class='ocrx_word' id='word_1_13' title='bbox 646 585 702 620; x_wconf 85' lang='lat' dir='ltr'>cum</span> <span class='ocrx_word' id='word_1_14' title='bbox 717 569 863 638; x_wconf 55' lang='lat' dir='ltr'>Muluium.</span> 
     </span>
     <span class='ocr_line' id='line_1_4' title="bbox 183 643 865 711; baseline -0.003 -14"><span class='ocrx_word' id='word_1_15' title='bbox 183 645 297 702; x_wconf 84' lang='lat' dir='ltr'>Ursino,</span> <span class='ocrx_word' id='word_1_16' title='bbox 315 643 417 694; x_wconf 82' lang='lat' dir='ltr'>Graerio</span> <span class='ocrx_word' id='word_1_17' title='bbox 434 646 563 705; x_wconf 83' lang='lat' dir='ltr'>dedirnus,</span> <span class='ocrx_word' id='word_1_18' title='bbox 582 658 612 696; x_wconf 89' lang='lat' dir='ltr'>ut</span> <span class='ocrx_word' id='word_1_19' title='bbox 628 643 750 701; x_wconf 73' lang='lat' dir='ltr'>sententia</span> <span class='ocrx_word' id='word_1_20' title='bbox 761 645 865 711; x_wconf 71' lang='lat' dir='ltr'>postulet.</span> 
     </span>
     <span class='ocr_line' id='line_1_5' title="bbox 182 713 587 786; baseline 0 -17"><span class='ocrx_word' id='word_1_21' title='bbox 182 719 267 786; x_wconf 69' lang='lat' dir='ltr'>Vulgi)</span> <span class='ocrx_word' id='word_1_22' title='bbox 282 717 362 767; x_wconf 83' lang='lat' dir='ltr'>editur</span> <span class='ocrx_word' id='word_1_23' title='bbox 372 713 440 783; x_wconf 78' lang='lat' dir='ltr'>sulus</span> <span class='ocrx_word' id='word_1_24' title='bbox 454 718 515 768; x_wconf 80' lang='lat' dir='ltr'>alius</span> <span class='ocrx_word' id='word_1_25' title='bbox 526 715 587 785; x_wconf 78' lang='lat' dir='ltr'>sum.</span> 
     </span>
    </p>

    <p class='ocr_par' dir='ltr' id='par_1_3' title="bbox 186 790 920 961">
     <span class='ocr_line' id='line_1_6' title="bbox 221 790 867 856; baseline 0.003 -16"><span class='ocrx_word' id='word_1_26' title='bbox 221 792 284 841; x_wconf 85' lang='lat' dir='ltr'>Ibid.</span> <span class='ocrx_word' id='word_1_27' title='bbox 304 805 348 853; x_wconf 88' lang='lat'>29.</span> <span class='ocrx_word' id='word_1_28' title='bbox 365 791 441 856; x_wconf 78' lang='lat' dir='ltr'>Supra</span> <span class='ocrx_word' id='word_1_29' title='bbox 458 791 554 841; x_wconf 88' lang='lat' dir='ltr'>modum</span> <span class='ocrx_word' id='word_1_30' title='bbox 575 790 685 842; x_wconf 81' lang='lat' dir='ltr'>Atticus.</span> <span class='ocrx_word' id='word_1_31' title='bbox 704 804 749 856; x_wconf 86' lang='lat'>30.</span> <span class='ocrx_word' id='word_1_32' title='bbox 770 790 867 856; x_wconf 78' lang='lat' dir='ltr'>Demos·</span> 
     </span>
     <span class='ocr_line' id='line_1_7' title="bbox 186 862 920 961; baseline -0.003 -46"><span class='ocrx_word' id='word_1_33' title='bbox 186 865 279 916; x_wconf 81' lang='lat' dir='ltr'>thenis.</span> <span class='ocrx_word' id='word_1_34' title='bbox 298 876 342 928; x_wconf 81' lang='lat'>31.</span> <span class='ocrx_word' id='word_1_35' title='bbox 362 862 425 927; x_wconf 79' lang='lat' dir='ltr'>Quae</span> <span class='ocrx_word' id='word_1_36' title='bbox 439 864 541 914; x_wconf 71' lang='lat' dir='ltr'>maxime</span> <span class='ocrx_word' id='word_1_37' title='bbox 559 864 613 914; x_wconf 89' lang='lat' dir='ltr'>sunt</span> <span class='ocrx_word' id='word_1_38' title='bbox 625 864 721 915; x_wconf 75' lang='lat' dir='ltr'>Attica.</span> <span class='ocrx_word' id='word_1_39' title='bbox 918 890 920 961; x_wconf 61' lang='lat' dir='ltr'>p</span> 
     </span>
    </p>
   </div>
   <div class='ocr_carea' id='block_1_3' title="bbox 188 935 885 2473">
    <p class='ocr_par' dir='ltr' id='par_1_4' title="bbox 189 935 875 1078">
     <span class='ocr_line' id='line_1_8' title="bbox 228 935 869 1006; baseline 0.002 -18"><span class='ocrx_word' id='word_1_40' title='bbox 228 952 298 1002; x_wconf 83' lang='lat'>193,</span> <span class='ocrx_word' id='word_1_41' title='bbox 316 950 361 987; x_wconf 89' lang='lat'>21.</span> <span class='ocrx_word' id='word_1_42' title='bbox 378 936 504 1004; x_wconf 80' lang='lat' dir='ltr'>Mulro&#39;que</span> <span class='ocrx_word' id='word_1_43' title='bbox 514 937 586 1006; x_wconf 76' lang='lat' dir='ltr'>magis</span> <span class='ocrx_word' id='word_1_44' title='bbox 602 937 628 986; x_wconf 80' lang='lat' dir='ltr'>id</span> <span class='ocrx_word' id='word_1_45' title='bbox 641 936 741 1005; x_wconf 80' lang='lat' dir='ltr'><em>probes.</em></span> <span class='ocrx_word' id='word_1_46' title='bbox 761 937 800 988; x_wconf 79' lang='lat' dir='ltr'>lta</span> <span class='ocrx_word' id='word_1_47' title='bbox 815 935 869 1006; x_wconf 77' lang='lat' dir='ltr'>regri</span> 
     </span>
     <span class='ocr_line' id='line_1_9' title="bbox 189 1010 875 1078; baseline -0.007 -16"><span class='ocrx_word' id='word_1_48' title='bbox 189 1012 309 1070; x_wconf 81' lang='lat' dir='ltr'>codices,</span> <span class='ocrx_word' id='word_1_49' title='bbox 327 1027 372 1076; x_wconf 88' lang='lat' dir='ltr'>pro</span> <span class='ocrx_word' id='word_1_50' title='bbox 389 1012 509 1077; x_wconf 84' lang='lat' dir='ltr'>vulgato,</span> <span class='ocrx_word' id='word_1_51' title='bbox 525 1010 648 1078; x_wconf 82' lang='lat' dir='ltr'>probabis.</span> <span class='ocrx_word' id='word_1_52' title='bbox 873 1050 875 1057; x_wconf 94' lang='lat'><strong>.</strong></span> 
     </span>
    </p>

    <p class='ocr_par' dir='ltr' id='par_1_5' title="bbox 188 1081 874 1426">
     <span class='ocr_line' id='line_1_10' title="bbox 225 1081 871 1154; baseline 0 -19"><span class='ocrx_word' id='word_1_53' title='bbox 225 1085 289 1135; x_wconf 90' lang='lat' dir='ltr'>Ibid.</span> <span class='ocrx_word' id='word_1_54' title='bbox 311 1098 356 1144; x_wconf 90' lang='lat'>25.</span> <span class='ocrx_word' id='word_1_55' title='bbox 378 1081 427 1154; x_wconf 82' lang='lat' dir='ltr'>Qui</span> <span class='ocrx_word' id='word_1_56' title='bbox 450 1085 478 1133; x_wconf 80' lang='lat' dir='ltr'>de</span> <span class='ocrx_word' id='word_1_57' title='bbox 498 1082 641 1133; x_wconf 75' lang='lat' dir='ltr'>Burlvotiis.</span> <span class='ocrx_word' id='word_1_58' title='bbox 660 1083 698 1132; x_wconf 81' lang='lat' dir='ltr'>lta</span> <span class='ocrx_word' id='word_1_59' title='bbox 720 1083 820 1135; x_wconf 83' lang='lat' dir='ltr'>codices</span> <span class='ocrx_word' id='word_1_60' title='bbox 837 1100 871 1134; x_wconf 88' lang='lat' dir='ltr'>re·</span> 
     </span>
     <span class='ocr_line' id='line_1_11' title="bbox 191 1156 874 1227; baseline -0.004 -19"><span class='ocrx_word' id='word_1_61' title='bbox 191 1158 243 1227; x_wconf 76' lang='lat' dir='ltr'>gii,</span> <span class='ocrx_word' id='word_1_62' title='bbox 263 1170 290 1207; x_wconf 89' lang='lat' dir='ltr'>ut</span> <span class='ocrx_word' id='word_1_63' title='bbox 309 1156 387 1206; x_wconf 89' lang='lat' dir='ltr'>voluit</span> <span class='ocrx_word' id='word_1_64' title='bbox 405 1157 472 1207; x_wconf 76' lang='lat' dir='ltr'>frid.</span> <span class='ocrx_word' id='word_1_65' title='bbox 495 1156 648 1207; x_wconf 83' lang='lat' dir='ltr'><strong>Gronovius.</strong></span> <span class='ocrx_word' id='word_1_66' title='bbox 667 1156 736 1206; x_wconf 67' lang='lat' dir='ltr'>iniri</span> <span class='ocrx_word' id='word_1_67' title='bbox 755 1173 801 1223; x_wconf 88' lang='lat' dir='ltr'>pro</span> <span class='ocrx_word' id='word_1_68' title='bbox 819 1156 874 1224; x_wconf 76' lang='lat' dir='ltr'>quod</span> 
     </span>
     <span class='ocr_line' id='line_1_12' title="bbox 188 1228 873 1300; baseline 0 -21"><span class='ocrx_word' id='word_1_69' title='bbox 188 1247 249 1300; x_wconf 81' lang='lat' dir='ltr'>puro</span> <span class='ocrx_word' id='word_1_70' title='bbox 269 1230 279 1293; x_wconf 94' lang='lat'>(</span> <span class='ocrx_word' id='word_1_71' title='bbox 296 1228 387 1277; x_wconf 80' lang='lat' dir='ltr'>rantdm</span> <span class='ocrx_word' id='word_1_72' title='bbox 410 1230 470 1278; x_wconf 80' lang='lat' dir='ltr'>enim</span> <span class='ocrx_word' id='word_1_73' title='bbox 487 1231 556 1279; x_wconf 70' lang='lat' dir='ltr'>uideo</span> <span class='ocrx_word' id='word_1_74' title='bbox 570 1232 580 1297; x_wconf 95' lang='lat'>)</span> <span class='ocrx_word' id='word_1_75' title='bbox 596 1230 679 1278; x_wconf 84' lang='lat' dir='ltr'>mallet</span> <span class='ocrx_word' id='word_1_76' title='bbox 694 1230 759 1280; x_wconf 89' lang='lat' dir='ltr'>idern</span> <span class='ocrx_word' id='word_1_77' title='bbox 777 1230 873 1283; x_wconf 87' lang='lat' dir='ltr'>Grono-</span> 
     </span>
     <span class='ocr_line' id='line_1_13' title="bbox 190 1302 874 1369; baseline -0.001 -15"><span class='ocrx_word' id='word_1_78' title='bbox 190 1304 245 1354; x_wconf 84' lang='lat' dir='ltr'>vius</span> <span class='ocrx_word' id='word_1_79' title='bbox 259 1336 266 1361; x_wconf 86' lang='lat'>,</span> <span class='ocrx_word' id='word_1_80' title='bbox 281 1303 343 1350; x_wconf 79' lang='lat' dir='ltr'>laud</span> <span class='ocrx_word' id='word_1_81' title='bbox 354 1317 429 1369; x_wconf 83' lang='lat' dir='ltr'>puro,</span> <span class='ocrx_word' id='word_1_82' title='bbox 447 1318 557 1369; x_wconf 80' lang='lat' dir='ltr'>quantum</span> <span class='ocrx_word' id='word_1_83' title='bbox 573 1302 634 1352; x_wconf 81' lang='lat' dir='ltr'>enim</span> <span class='ocrx_word' id='word_1_84' title='bbox 648 1302 739 1363; x_wconf 73' lang='lat' dir='ltr'>video,</span> <span class='ocrx_word' id='word_1_85' title='bbox 757 1321 805 1353; x_wconf 81' lang='lat' dir='ltr'>nou</span> <span class='ocrx_word' id='word_1_86' title='bbox 814 1303 874 1353; x_wconf 79' lang='lat' dir='ltr'>ride·</span> 
     </span>
     <span class='ocr_line' id='line_1_14' title="bbox 193 1376 308 1426; baseline -0.035 0"><span class='ocrx_word' id='word_1_87' title='bbox 193 1395 244 1426; x_wconf 83' lang='lat' dir='ltr'>mur</span> <span class='ocrx_word' id='word_1_88' title='bbox 262 1376 308 1424; x_wconf 62' lang='grc' dir='ltr'>ἃς.</span> 
     </span>
    </p>

    <p class='ocr_par' dir='ltr' id='par_1_6' title="bbox 194 1446 876 1589">
     <span class='ocr_line' id='line_1_15' title="bbox 234 1446 876 1516; baseline 0.003 -19"><span class='ocrx_word' id='word_1_89' title='bbox 234 1462 306 1512; x_wconf 80' lang='lat'>194,</span> <span class='ocrx_word' id='word_1_90' title='bbox 330 1460 373 1511; x_wconf 81' lang='lat'>13·</span> <span class='ocrx_word' id='word_1_91' title='bbox 389 1446 431 1499; x_wconf 86' lang='lat' dir='ltr'>De</span> <span class='ocrx_word' id='word_1_92' title='bbox 449 1448 528 1515; x_wconf 84' lang='lat' dir='ltr'>quinis</span> <span class='ocrx_word' id='word_1_93' title='bbox 543 1449 672 1516; x_wconf 87' lang='lat' dir='ltr'>reliquum.</span> <span class='ocrx_word' id='word_1_94' title='bbox 688 1447 806 1500; x_wconf 83' lang='lat' dir='ltr'><strong>Hirtium.</strong></span> <span class='ocrx_word' id='word_1_95' title='bbox 816 1446 876 1504; x_wconf 74' lang='lat' dir='ltr'>Vide</span> 
     </span>
     <span class='ocr_line' id='line_1_16' title="bbox 194 1522 512 1589; baseline -0.006 -15"><span class='ocrx_word' id='word_1_96' title='bbox 194 1522 263 1589; x_wconf 60' lang='lat' dir='ltr'>supra</span> <span class='ocrx_word' id='word_1_97' title='bbox 280 1522 323 1570; x_wconf 92' lang='lat' dir='ltr'>lib.</span> <span class='ocrx_word' id='word_1_98' title='bbox 346 1536 388 1584; x_wconf 88' lang='lat'>14.</span> <span class='ocrx_word' id='word_1_99' title='bbox 404 1538 445 1587; x_wconf 82' lang='lat' dir='ltr'>ep.</span> <span class='ocrx_word' id='word_1_100' title='bbox 467 1537 512 1572; x_wconf 92' lang='grc' dir='ltr'>2ι.</span> 
     </span>
    </p>

    <p class='ocr_par' dir='ltr' id='par_1_7' title="bbox 235 1595 856 1663">
     <span class='ocr_line' id='line_1_17' title="bbox 235 1595 856 1663; baseline 0.003 -18"><span class='ocrx_word' id='word_1_101' title='bbox 235 1610 309 1660; x_wconf 87' lang='lat'>195,</span> <span class='ocrx_word' id='word_1_102' title='bbox 327 1609 368 1658; x_wconf 89' lang='lat'>17.</span> <span class='ocrx_word' id='word_1_103' title='bbox 386 1596 452 1645; x_wconf 84' lang='lat' dir='ltr'>llias.</span> <span class='ocrx_word' id='word_1_104' title='bbox 472 1595 583 1663; x_wconf 76' lang='lat' dir='ltr'>Supple,</span> <span class='ocrx_word' id='word_1_105' title='bbox 600 1596 719 1646; x_wconf 81' lang='lat' dir='ltr'>malorum</span> <span class='ocrx_word' id='word_1_106' title='bbox 737 1595 856 1647; x_wconf 81' lang='lat' dir='ltr'>exoritur.</span> 
     </span>
    </p>

    <p class='ocr_par' dir='ltr' id='par_1_8' title="bbox 195 1665 877 1810">
     <span class='ocr_line' id='line_1_18' title="bbox 237 1665 877 1739; baseline 0 -20"><span class='ocrx_word' id='word_1_107' title='bbox 237 1669 308 1733; x_wconf 87' lang='lat'>196,</span> <span class='ocrx_word' id='word_1_108' title='bbox 330 1683 371 1718; x_wconf 89' lang='grc' dir='ltr'>ιο.</span> <span class='ocrx_word' id='word_1_109' title='bbox 396 1665 490 1734; x_wconf 77' lang='lat' dir='ltr'>Sursum</span> <span class='ocrx_word' id='word_1_110' title='bbox 502 1670 635 1737; x_wconf 78' lang='lat' dir='ltr'>fluminum.</span> <span class='ocrx_word' id='word_1_111' title='bbox 654 1670 747 1739; x_wconf 87' lang='lat' dir='ltr'>Supple</span> <span class='ocrx_word' id='word_1_112' title='bbox 764 1685 795 1719; x_wconf 84' lang='lat' dir='ltr'>ex</span> <span class='ocrx_word' id='word_1_113' title='bbox 813 1667 877 1719; x_wconf 85' lang='lat' dir='ltr'>Euri·</span> 
     </span>
     <span class='ocr_line' id='line_1_19' title="bbox 195 1742 864 1810; baseline 0 -18"><span class='ocrx_word' id='word_1_114' title='bbox 195 1742 274 1810; x_wconf 83' lang='lat' dir='ltr'>pide,</span> <span class='ocrx_word' id='word_1_115' title='bbox 292 1743 413 1792; x_wconf 87' lang='lat' dir='ltr'>sacrorum</span> <span class='ocrx_word' id='word_1_116' title='bbox 431 1742 512 1793; x_wconf 84' lang='lat' dir='ltr'>fontes</span> <span class='ocrx_word' id='word_1_117' title='bbox 529 1743 647 1792; x_wconf 84' lang='lat' dir='ltr'>feruntur.</span> <span class='ocrx_word' id='word_1_118' title='bbox 664 1757 711 1806; x_wconf 77' lang='lat'>23.</span> <span class='ocrx_word' id='word_1_119' title='bbox 730 1742 864 1793; x_wconf 86' lang='lat' dir='ltr'>Dubitatio.</span> 
     </span>
    </p>

    <p class='ocr_par' dir='ltr' id='par_1_9' title="bbox 196 1815 881 2104">
     <span class='ocr_line' id='line_1_20' title="bbox 239 1815 880 1882; baseline 0.002 -16"><span class='ocrx_word' id='word_1_120' title='bbox 239 1831 289 1880; x_wconf 83' lang='lat'>197</span> <span class='ocrx_word' id='word_1_121' title='bbox 302 1849 310 1874; x_wconf 88' lang='lat'>,</span> <span class='ocrx_word' id='word_1_122' title='bbox 323 1815 349 1865; x_wconf 91' lang='grc'>6.</span> <span class='ocrx_word' id='word_1_123' title='bbox 361 1815 432 1866; x_wconf 83' lang='lat' dir='ltr'>Curae</span> <span class='ocrx_word' id='word_1_124' title='bbox 444 1817 499 1865; x_wconf 78' lang='lat' dir='ltr'>erit.</span> <span class='ocrx_word' id='word_1_125' title='bbox 519 1830 560 1880; x_wconf 84' lang='lat'>13·</span> <span class='ocrx_word' id='word_1_126' title='bbox 577 1815 678 1866; x_wconf 88' lang='lat' dir='ltr'>Molirio</span> <span class='ocrx_word' id='word_1_127' title='bbox 693 1816 718 1864; x_wconf 88' lang='lat' dir='ltr'>in</span> <span class='ocrx_word' id='word_1_128' title='bbox 733 1817 816 1866; x_wconf 84' lang='lat' dir='ltr'>alieno</span> <span class='ocrx_word' id='word_1_129' title='bbox 826 1831 880 1882; x_wconf 79' lang='lat' dir='ltr'>ope·</span> 
     </span>
     <span class='ocr_line' id='line_1_21' title="bbox 200 1888 881 1957; baseline -0.001 -17"><span class='ocrx_word' id='word_1_130' title='bbox 200 1907 228 1940; x_wconf 90' lang='lat' dir='ltr'>re</span> <span class='ocrx_word' id='word_1_131' title='bbox 247 1923 256 1949; x_wconf 89' lang='lat'>,</span> <span class='ocrx_word' id='word_1_132' title='bbox 277 1906 351 1957; x_wconf 83' lang='lat' dir='ltr'>quum</span> <span class='ocrx_word' id='word_1_133' title='bbox 370 1902 536 1957; x_wconf 81' lang='lat' dir='ltr'>argumentum</span> <span class='ocrx_word' id='word_1_134' title='bbox 555 1890 584 1937; x_wconf 83' lang='lat' dir='ltr'>ab</span> <span class='ocrx_word' id='word_1_135' title='bbox 607 1889 655 1937; x_wconf 83' lang='lat' dir='ltr'>alio</span> <span class='ocrx_word' id='word_1_136' title='bbox 679 1888 808 1939; x_wconf 71' lang='lat' dir='ltr'>tratlatum</span> <span class='ocrx_word' id='word_1_137' title='bbox 829 1888 881 1940; x_wconf 80' lang='lat' dir='ltr'>ieri·</span> 
     </span>
     <span class='ocr_line' id='line_1_22' title="bbox 201 1961 881 2030; baseline 0 -16"><span class='ocrx_word' id='word_1_138' title='bbox 201 1964 288 2014; x_wconf 87' lang='lat' dir='ltr'>bimus.</span> <span class='ocrx_word' id='word_1_139' title='bbox 308 1979 349 2023; x_wconf 88' lang='grc' dir='ltr'>ις.</span> <span class='ocrx_word' id='word_1_140' title='bbox 371 1963 541 2013; x_wconf 83' lang='lat' dir='ltr'>Heraclideum</span> <span class='ocrx_word' id='word_1_141' title='bbox 560 1979 641 2028; x_wconf 88' lang='lat' dir='ltr'>opus,</span> <span class='ocrx_word' id='word_1_142' title='bbox 659 1961 740 2014; x_wconf 81' lang='lat' dir='ltr'>simile</span> <span class='ocrx_word' id='word_1_143' title='bbox 756 1963 785 2015; x_wconf 89' lang='lat' dir='ltr'>iis</span> <span class='ocrx_word' id='word_1_144' title='bbox 803 1995 813 2024; x_wconf 85' lang='lat'><strong>,</strong></span> <span class='ocrx_word' id='word_1_145' title='bbox 833 1976 881 2030; x_wconf 67' lang='lat' dir='ltr'>que</span> 
     </span>
     <span class='ocr_line' id='line_1_23' title="bbox 196 2033 607 2104; baseline -0.012 -16"><span class='ocrx_word' id='word_1_146' title='bbox 196 2038 297 2104; x_wconf 54' lang='lat' dir='ltr'>¹scripsit</span> <span class='ocrx_word' id='word_1_147' title='bbox 317 2036 461 2086; x_wconf 86' lang='lat' dir='ltr'>Heraclides</span> <span class='ocrx_word' id='word_1_148' title='bbox 481 2033 607 2085; x_wconf 84' lang='lat' dir='ltr'>Ponticus.</span> 
     </span>
    </p>

    <p class='ocr_par' dir='ltr' id='par_1_10' title="bbox 205 2106 885 2387">
     <span class='ocr_line' id='line_1_24' title="bbox 241 2106 884 2174; baseline -0.006 -13"><span class='ocrx_word' id='word_1_149' title='bbox 241 2112 304 2162; x_wconf 89' lang='lat' dir='ltr'>lbid.</span> <span class='ocrx_word' id='word_1_150' title='bbox 330 2127 375 2161; x_wconf 84' lang='lat'>22.</span> <span class='ocrx_word' id='word_1_151' title='bbox 394 2109 441 2159; x_wconf 75' lang='lat' dir='ltr'>lire</span> <span class='ocrx_word' id='word_1_152' title='bbox 462 2109 522 2160; x_wconf 82' lang='lat' dir='ltr'>enim</span> <span class='ocrx_word' id='word_1_153' title='bbox 543 2125 663 2173; x_wconf 81' lang='lat' dir='ltr'>numquam</span> <span class='ocrx_word' id='word_1_154' title='bbox 684 2106 825 2174; x_wconf 79' lang='lat' dir='ltr'>reverriffer.</span> <span class='ocrx_word' id='word_1_155' title='bbox 846 2106 884 2157; x_wconf 88' lang='lat' dir='ltr'>ln·</span> 
     </span>
     <span class='ocr_line' id='line_1_25' title="bbox 205 2180 884 2248; baseline -0.01 -12"><span class='ocrx_word' id='word_1_156' title='bbox 205 2187 258 2237; x_wconf 85' lang='lat' dir='ltr'>nuit</span> <span class='ocrx_word' id='word_1_157' title='bbox 278 2185 412 2234; x_wconf 82' lang='lat' dir='ltr'>Antonium</span> <span class='ocrx_word' id='word_1_158' title='bbox 430 2184 499 2233; x_wconf 82' lang='lat' dir='ltr'>simul</span> <span class='ocrx_word' id='word_1_159' title='bbox 518 2199 571 2231; x_wconf 88' lang='lat' dir='ltr'>cum</span> <span class='ocrx_word' id='word_1_160' title='bbox 591 2180 686 2231; x_wconf 83' lang='lat' dir='ltr'>Caelare</span> <span class='ocrx_word' id='word_1_161' title='bbox 700 2183 756 2232; x_wconf 86' lang='lat' dir='ltr'>tolli</span> <span class='ocrx_word' id='word_1_162' title='bbox 774 2180 884 2248; x_wconf 76' lang='lat' dir='ltr'>oportuis-</span> 
     </span>
     <span class='ocr_line' id='line_1_26' title="bbox 206 2253 885 2325; baseline -0.007 -14"><span class='ocrx_word' id='word_1_163' title='bbox 206 2261 255 2312; x_wconf 84' lang='lat' dir='ltr'>le:</span> <span class='ocrx_word' id='word_1_164' title='bbox 274 2260 339 2325; x_wconf 86' lang='lat' dir='ltr'>quod</span> <span class='ocrx_word' id='word_1_165' title='bbox 356 2259 377 2308; x_wconf 90' lang='lat' dir='ltr'>si</span> <span class='ocrx_word' id='word_1_166' title='bbox 394 2255 451 2306; x_wconf 82' lang='lat' dir='ltr'>eliet</span> <span class='ocrx_word' id='word_1_167' title='bbox 470 2257 557 2306; x_wconf 74' lang='lat' dir='ltr'>latium</span> <span class='ocrx_word' id='word_1_168' title='bbox 574 2288 583 2314; x_wconf 91' lang='lat'>,</span> <span class='ocrx_word' id='word_1_169' title='bbox 599 2272 661 2306; x_wconf 89' lang='lat' dir='ltr'>nunc</span> <span class='ocrx_word' id='word_1_170' title='bbox 676 2255 702 2305; x_wconf 93' lang='lat' dir='ltr'>in</span> <span class='ocrx_word' id='word_1_171' title='bbox 717 2253 885 2307; x_wconf 74' lang='lat' dir='ltr'>Antoniocae·</span> 
     </span>
     <span class='ocr_line' id='line_1_27' title="bbox 206 2331 496 2387; baseline -0.021 -2"><span class='ocrx_word' id='word_1_172' title='bbox 206 2335 243 2386; x_wconf 84' lang='lat' dir='ltr'>lar</span> <span class='ocrx_word' id='word_1_173' title='bbox 261 2351 310 2383; x_wconf 89' lang='lat' dir='ltr'>non</span> <span class='ocrx_word' id='word_1_174' title='bbox 330 2331 496 2387; x_wconf 77' lang='lat' dir='ltr'>revivisceret.</span> 
     </span>
    </p>

    <p class='ocr_par' dir='ltr' id='par_1_11' title="bbox 249 2400 885 2473">
     <span class='ocr_line' id='line_1_28' title="bbox 249 2400 885 2473; baseline -0.008 -18"><span class='ocrx_word' id='word_1_175' title='bbox 249 2408 318 2468; x_wconf 85' lang='lat'>198,</span> <span class='ocrx_word' id='word_1_176' title='bbox 337 2405 363 2454; x_wconf 78' lang='lat'>8.</span> <span class='ocrx_word' id='word_1_177' title='bbox 387 2403 465 2473; x_wconf 78' lang='lat' dir='ltr'>Qucim</span> <span class='ocrx_word' id='word_1_178' title='bbox 487 2402 581 2450; x_wconf 80' lang='lat' dir='ltr'>vellem.</span> <span class='ocrx_word' id='word_1_179' title='bbox 606 2400 693 2466; x_wconf 79' lang='lat' dir='ltr'>Incipit</span> <span class='ocrx_word' id='word_1_180' title='bbox 721 2401 764 2452; x_wconf 88' lang='lat' dir='ltr'>hic</span> <span class='ocrx_word' id='word_1_181' title='bbox 794 2400 885 2468; x_wconf 78' lang='lat' dir='ltr'>epistole</span> 
     </span>
    </p>
   </div>
   <div class='ocr_carea' id='block_1_4' title="bbox 208 2474 888 2598">
    <p class='ocr_par' dir='ltr' id='par_1_12' title="bbox 208 2474 888 2598">
     <span class='ocr_line' id='line_1_29' title="bbox 208 2474 871 2543; baseline 0.002 -21"><span class='ocrx_word' id='word_1_182' title='bbox 208 2475 302 2523; x_wconf 83' lang='lat' dir='ltr'>diversa</span> <span class='ocrx_word' id='word_1_183' title='bbox 315 2494 329 2523; x_wconf 83' lang='lat' dir='ltr'><strong>a</strong></span> <span class='ocrx_word' id='word_1_184' title='bbox 346 2477 485 2538; x_wconf 83' lang='lat' dir='ltr'>superiore,</span> <span class='ocrx_word' id='word_1_185' title='bbox 506 2486 533 2522; x_wconf 88' lang='lat' dir='ltr'>ut</span> <span class='ocrx_word' id='word_1_186' title='bbox 548 2474 614 2522; x_wconf 64' lang='lat' dir='ltr'>redii</span> <span class='ocrx_word' id='word_1_187' title='bbox 633 2475 695 2524; x_wconf 87' lang='lat' dir='ltr'>vidit</span> <span class='ocrx_word' id='word_1_188' title='bbox 714 2475 871 2543; x_wconf 70' lang='lat' dir='ltr'>MongaltiuS.</span> 
     </span>
     <span class='ocr_line' id='line_1_30' title="bbox 244 2543 888 2598; baseline 0.008 -8"><span class='ocrx_word' id='word_1_189' title='bbox 244 2544 305 2592; x_wconf 89' lang='lat' dir='ltr'>Ibid.</span> <span class='ocrx_word' id='word_1_190' title='bbox 324 2545 367 2590; x_wconf 87' lang='lat'>26.</span> <span class='ocrx_word' id='word_1_191' title='bbox 388 2545 430 2590; x_wconf 84' lang='lat' dir='ltr'>De</span> <span class='ocrx_word' id='word_1_192' title='bbox 449 2543 570 2589; x_wconf 82' lang='lat' dir='ltr'>Kalendis</span> <span class='ocrx_word' id='word_1_193' title='bbox 585 2544 697 2596; x_wconf 81' lang='lat' dir='ltr'>Martiis.</span> <span class='ocrx_word' id='word_1_194' title='bbox 719 2550 888 2598; x_wconf 86' lang='lat' dir='ltr'>Ultimamvo·</span> 
     </span>
    </p>
   </div>
   <div class='ocr_carea' id='block_1_5' title="bbox 206 2610 892 3039">
    <p class='ocr_par' dir='ltr' id='par_1_13' title="bbox 206 2610 890 2805">
     <span class='ocr_line' id='line_1_31' title="bbox 207 2610 888 2675; baseline 0.019 -18"><span class='ocrx_word' id='word_1_195' title='bbox 207 2628 280 2668; x_wconf 81' lang='lat' dir='ltr'>cern,</span> <span class='ocrx_word' id='word_1_196' title='bbox 303 2612 401 2658; x_wconf 68' lang='lat' dir='ltr'>audiere</span> <span class='ocrx_word' id='word_1_197' title='bbox 421 2610 522 2659; x_wconf 79' lang='lat' dir='ltr'>Graevio</span> <span class='ocrx_word' id='word_1_198' title='bbox 543 2614 568 2662; x_wconf 80' lang='grc' dir='ltr'>δι</span> <span class='ocrx_word' id='word_1_199' title='bbox 587 2616 658 2675; x_wconf 84' lang='lat' dir='ltr'>aliis,</span> <span class='ocrx_word' id='word_1_200' title='bbox 680 2622 836 2672; x_wconf 82' lang='lat' dir='ltr'>delevimus:</span> <span class='ocrx_word' id='word_1_201' title='bbox 853 2619 888 2669; x_wconf 81' lang='lat' dir='ltr'>hle</span> 
     </span>
     <span class='ocr_line' id='line_1_32' title="bbox 206 2680 890 2762; baseline 0.026 -35"><span class='ocrx_word' id='word_1_202' title='bbox 206 2682 268 2732; x_wconf 81' lang='lat' dir='ltr'>enim</span> <span class='ocrx_word' id='word_1_203' title='bbox 287 2681 363 2730; x_wconf 85' lang='lat' dir='ltr'>sermo</span> <span class='ocrx_word' id='word_1_204' title='bbox 381 2680 414 2728; x_wconf 88' lang='lat' dir='ltr'>est</span> <span class='ocrx_word' id='word_1_205' title='bbox 433 2682 463 2730; x_wconf 91' lang='lat' dir='ltr'>de</span> <span class='ocrx_word' id='word_1_206' title='bbox 483 2683 600 2738; x_wconf 83' lang='lat' dir='ltr'>Kalendis</span> <span class='ocrx_word' id='word_1_207' title='bbox 615 2689 714 2752; x_wconf 85' lang='lat' dir='ltr'>Juniis,</span> <span class='ocrx_word' id='word_1_208' title='bbox 733 2712 783 2762; x_wconf 87' lang='lat' dir='ltr'>quo</span> <span class='ocrx_word' id='word_1_209' title='bbox 801 2694 840 2744; x_wconf 90' lang='lat' dir='ltr'>die</span> <span class='ocrx_word' id='word_1_210' title='bbox 855 2693 890 2744; x_wconf 88' lang='lat' dir='ltr'>s·</span> 
     </span>
     <span class='ocr_line' id='line_1_33' title="bbox 208 2752 465 2805; baseline 0.027 -7"><span class='ocrx_word' id='word_1_211' title='bbox 208 2763 278 2803; x_wconf 81' lang='lat' dir='ltr'>natus</span> <span class='ocrx_word' id='word_1_212' title='bbox 295 2752 388 2804; x_wconf 84' lang='lat' dir='ltr'>futurus</span> <span class='ocrx_word' id='word_1_213' title='bbox 404 2768 465 2805; x_wconf 83' lang='lat' dir='ltr'>erat.</span> 
     </span>
    </p>

    <p class='ocr_par' dir='ltr' id='par_1_14' title="bbox 207 2816 892 3039">
     <span class='ocr_line' id='line_1_34' title="bbox 247 2816 891 2906; baseline 0.026 -33"><span class='ocrx_word' id='word_1_214' title='bbox 247 2838 296 2887; x_wconf 89' lang='lat'>199</span> <span class='ocrx_word' id='word_1_215' title='bbox 313 2860 319 2884; x_wconf 88' lang='lat'>,</span> <span class='ocrx_word' id='word_1_216' title='bbox 341 2827 366 2877; x_wconf 85' lang='grc'><strong>6.</strong></span> <span class='ocrx_word' id='word_1_217' title='bbox 379 2827 421 2877; x_wconf 87' lang='lat' dir='ltr'>De</span> <span class='ocrx_word' id='word_1_218' title='bbox 436 2846 469 2880; x_wconf 86' lang='lat' dir='ltr'>re.</span> <span class='ocrx_word' id='word_1_219' title='bbox 490 2831 586 2897; x_wconf 84' lang='lat' dir='ltr'>Nempe</span> <span class='ocrx_word' id='word_1_220' title='bbox 603 2834 633 2882; x_wconf 86' lang='lat' dir='ltr'>de</span> <span class='ocrx_word' id='word_1_221' title='bbox 651 2837 770 2897; x_wconf 80' lang='lat' dir='ltr'>armatis,</span> <span class='ocrx_word' id='word_1_222' title='bbox 792 2816 829 2906; x_wconf 70' lang='lat' dir='ltr'>qui</span> <span class='ocrx_word' id='word_1_223' title='bbox 842 2838 891 2889; x_wconf 88' lang='lat' dir='ltr'>mit-</span> 
     </span>
     <span class='ocr_line' id='line_1_35' title="bbox 207 2899 892 2976; baseline 0.028 -32"><span class='ocrx_word' id='word_1_224' title='bbox 207 2899 274 2949; x_wconf 85' lang='lat' dir='ltr'>tendi</span> <span class='ocrx_word' id='word_1_225' title='bbox 295 2899 318 2948; x_wconf 91' lang='lat' dir='ltr'>in</span> <span class='ocrx_word' id='word_1_226' title='bbox 341 2900 502 2952; x_wconf 84' lang='lat' dir='ltr'>Tusculanum</span> <span class='ocrx_word' id='word_1_227' title='bbox 524 2906 646 2956; x_wconf 87' lang='lat' dir='ltr'>dicuntur.</span> <span class='ocrx_word' id='word_1_228' title='bbox 664 2907 752 2976; x_wconf 65' lang='lat' dir='ltr'>Vulgi&gt;</span> <span class='ocrx_word' id='word_1_229' title='bbox 767 2915 847 2966; x_wconf 85' lang='lat' dir='ltr'>editur</span> <span class='ocrx_word' id='word_1_230' title='bbox 865 2914 892 2963; x_wconf 82' lang='lat' dir='ltr'>dr</span> 
     </span>
     <span class='ocr_line' id='line_1_36' title="bbox 208 2974 770 3039; baseline 0.032 -21"><span class='ocrx_word' id='word_1_231' title='bbox 208 2983 255 3027; x_wconf 83' lang='grc' dir='ltr'>ιι,</span> <span class='ocrx_word' id='word_1_232' title='bbox 277 2974 364 3039; x_wconf 83' lang='lat' dir='ltr'>quain</span> <span class='ocrx_word' id='word_1_233' title='bbox 385 2975 490 3029; x_wconf 82' lang='lat' dir='ltr'>letlione</span> <span class='ocrx_word' id='word_1_234' title='bbox 507 2978 548 3029; x_wconf 82' lang='lat' dir='ltr'>vix</span> <span class='ocrx_word' id='word_1_235' title='bbox 565 2979 645 3032; x_wconf 81' lang='lat' dir='ltr'>sensus</span> <span class='ocrx_word' id='word_1_236' title='bbox 665 2983 770 3037; x_wconf 78' lang='lat' dir='ltr'>constat.</span> 
     </span>
    </p>
   </div>
   <div class='ocr_carea' id='block_1_6' title="bbox 0 0 1085 3784">
    <p class='ocr_par' dir='ltr' id='par_1_15' title="bbox 0 0 1085 3784">
     <span class='ocr_line' id='line_1_37' title="bbox 0 0 1085 3784; baseline 0 0"><span class='ocrx_word' id='word_1_237' title='bbox 0 0 1085 3784; x_wconf 95' lang='lat' dir='ltr'> </span> 
     </span>
    </p>
   </div>
  </div>
 </body>
</html>
