2125 3784
197 368 274 445 286·
366 368 703 442 Ponticarum

193 505 255 560 Nam
266 519 363 574 quorum
375 505 457 573 llirpes
466 502 536 556 tellus
547 506 654 571 amplexa
667 505 806 573 prehendit,

194 590 252 643 llaec
263 605 349 656 augens
361 590 437 641 animl
449 629 457 651 ‚
471 589 536 642 vitali
547 589 641 641 llannne
654 591 761 644 mulcet:

195 675 227 727 At
236 689 335 742 quorum
346 687 464 739 nequeunt
473 676 564 729 radices
574 675 665 730 findere
676 688 766 740 terras,

194 758 375 814 Denudatloliis
386 774 463 812 ramos
475 762 500 812 dc
511 762 602 814 cortice
612 772 721 815 mancos.

196 844 336 896 Tendentem
346 849 458 896 occiduas
468 851 539 895 etiarn
549 848 734 915 honestissimus
745 849 777 897 ad
784 864 851 900 orat:

113 986 117 992 ,
194 936 277 984 Cetera
287 933 411 1002 signandis
415 931 473 995 fiant
486 930 602 998 languida
612 935 694 984 sidera
704 933 816 988 mulne.

194 1017 263 1071 llunc
278 1019 389 1086 propter,
400 1015 522 1084 subterque
532 1016 607 1084 pedes
618 1053 627 1076 ‚
639 1034 700 1088 quos
710 1020 806 1075 diximus
816 1019 875 1089 ants,

196 1103 289 1157 Orioni¹
299 1103 360 1170 jacet
373 1103 462 1170 levipes
471 1101 557 1170 Lepus.
569 1103 614 1156 llic
627 1104 684 1173 sugit
695 1106 751 1159 istus

195 1186 327 1241 llorrificos
337 1200 441 1241 metuens
452 1187 517 1238 rollri
527 1187 694 1240 tremebundus
705 1191 775 1245 acuti.

195 1272 257 1325 Nam
271 1273 340 1325 Canis
349 1273 431 1326 inlello
440 1275 542 1342 sequitur
550 1273 646 1341 vestigia
655 1275 722 1329 cursu

193 1355 376 1422 Pracipirantem
386 1359 489 1424 agitans,
501 1361 616 1412 orientem
626 1360 727 1428 denique
737 1359 839 1428 partlm

193 1441 340 1494 Corniculum
351 1455 476 1509 numquam
488 1444 575 1498 defesso
586 1458 689 1513 corpore
698 1444 785 1500 sedans.

193 1525 227 1579 At
237 1525 307 1578 Canis
317 1522 346 1576 ad
358 1524 456 1579 caudam
467 1531 559 1597 serpens
568 1529 700 1596 praelabitur
709 1531 789 1597 Argo,

193 1610 338 1666 Conversari
349 1625 396 1677 pre
407 1610 430 1663 se
440 1623 536 1680 portans
548 1628 600 1665 cum
611 1614 698 1669 lumine
707 1617 815 1686 puppim:

193 1697 250 1751 Non
261 1697 309 1749 alie
319 1711 391 1749 naves
401 1709 426 1750 ut
436 1697 457 1747 in
468 1696 515 1748 alto
525 1711 614 1763 ponere
623 1713 705 1765 proras

194 1782 256 1836 Ante
268 1783 341 1835 solent
351 1781 426 1834 rostro
436 1783 553 1851 Neptunia
562 1797 627 1850 prata
637 1785 741 1837 secantes
751 1804 762 1845 ς

194 1866 239 1920 Sed
250 1869 361 1921 conversa
372 1880 433 1922 retro
444 1868 499 1920 coeli
510 1868 533 1920 se
544 1883 585 1934 per
595 1869 649 1922 loca
660 1883 747 1938 portat.

192 1951 255 2003 Sicut
265 1967 334 2018 quum
346 1963 449 2018 coeptant
459 1964 521 2004 tutos
534 1955 670 2021 contingere
680 1968 777 2022 portus,

190 2035 325 2090 Obvertunt
336 2053 420 2090 navem
432 2053 517 2105 magno
529 2054 582 2090 cum
593 2038 699 2104 pondere
713 2052 806 2105 nauta,

191 2121 350 2189 Aversumque
360 2124 450 2175 trahunt
460 2134 540 2190 optata
550 2123 579 2174 ad
590 2124 665 2174 littora
674 2125 789 2192 puppim,

190 2204 228 2257 Sic
239 2207 350 2258 conversa
362 2217 430 2258 vetus
440 2207 505 2275 super
515 2211 599 2261 antiteta
608 2207 690 2261 labimr
702 2212 786 2278 Arge,

190 2287 269 2356 Atque
279 2289 348 2357 usque
361 2306 373 2342 a
384 2306 452 2357 prora
462 2290 491 2342 ad
505 2293 589 2344 celsum
601 2294 650 2347 sine
660 2294 748 2348 lumine
758 2295 860 2356 malum,

189 2375 210 2426 A
222 2377 282 2427 malo
295 2375 323 2428 ad
335 2377 427 2443 puppim
439 2377 499 2428 clara
510 2393 563 2428 cum
573 2378 624 2429 luce
635 2378 741 2436 videtur.

188 2461 245 2514 lude
257 2463 419 2528 gubernaclum
429 2459 527 2527 disperso
538 2464 621 2516 lumine
631 2463 721 2532 fulgens
734 2502 743 2528 ,

188 2545 249 2597 Clari
261 2548 389 2612 polleriora
398 2547 467 2597 Canis
480 2547 574 2614 velligia
583 2552 663 2616 tangit.

188 2629 244 2682 Exin
255 2631 365 2695 semotam
377 2629 476 2697 procul,
490 2634 511 2682 in
523 2645 621 2701 tutoque
631 2635 735 2689 locatam

188 2714 361 2768 Andromedam
372 2727 448 2769 tamen
458 2717 580 2785 explorans
592 2720 639 2773 sera
651 2738 755 2789 querere
765 2720 843 2775 l'illm't

185 2798 279 2869 Pergit,
294 2803 319 2854 dc
331 2803 400 2871 usque
411 2803 476 2856 sitam
488 2803 578 2857 validas
588 2804 713 2874 Aquilonis
725 2807 756 2861 ad
766 2820 829 2860 aurat

185 2885 281 2940 Caerula
289 2887 385 2957 vestigat
395 2888 457 2942 finita
467 2889 489 2939 in
499 2889 601 2956 partibus
613 2890 699 2948 Austri.
