2125 3784
384 319 675 386 zrrrrvs.
813 333 867 398 5¹3

182 424 285 499 piebeii.
313 424 399 491 Itaque
422 443 494 492 quum
513 427 569 492 lege
590 419 690 474 Aurelii
706 416 795 485 judicia
815 439 871 486 eum

184 500 295 563 omnibus
313 499 436 550 ordinibus
451 498 625 559 communicata
642 494 734 551 essent,
752 494 782 544 de
797 496 871 560 plebe

182 561 321 641 judicarunt
342 559 430 622 tribuni
448 572 534 624 aerarii.
559 570 605 619 Per
628 585 671 618 eos
692 567 806 618 militibus
825 584 872 634 pe·

187 648 259 699 cunia
281 645 450 711 stipendiorum
471 646 650 695 numerabatur.
673 641 701 690 ln
720 656 804 690 eorum
823 658 870 691 no·

185 719 249 769 mine
271 719 330 768 ludit
353 718 441 769 Cicero
464 718 518 769 Art.
542 732 551 766 r
572 747 580 776 ‚
604 713 645 765 16.
664 715 705 764 ubi
725 715 755 764 de
775 713 871 779 judicio

185 792 317 861 Clodiano.
337 790 434 841 Tribuni
449 805 559 841 nontam
576 787 662 845 aerari,
679 787 704 835 h.
719 804 743 852 e.
761 803 869 838 numma-
887 840 896 855 Ι,

186 865 206 916 ti
218 898 225 922 .
245 865 349 923 divites,
362 865 446 931 quaint,
459 880 484 913 ut
498 862 652 932 appellantur
665 893 673 920 ,
686 859 783 920 aretii,
800 862 827 913 h.
837 877 869 929 ,00

185 945 234 988 aere‘
255 937 371 1002 corrupti.

222 1010 439 1060 Turuurnntus.
458 1011 533 1061 Verr.
552 1023 597 1070 4,
622 1004 666 1058 66.
689 1005 774 1056 rabula
793 1000 869 1058 tribu-⁴

186 1089 252 1134 rariae
271 1084 383 1133 dicuntur
402 1085 510 1141 litterae,
532 1099 585 1148 quae
603 1081 729 1147 pecuniam
746 1091 788 1130 aut
809 1082 871 1147 pr'o·

185 1157 342 1211 mittebant,
364 1167 405 1204 aut
423 1154 509 1204 misiam
528 1148 678 1205 nuntiabant.

223 1228 445 1278 Trmnnmuurr
457 1263 463 1288 ,
474 1227 622 1289 sivetrinum
631 1225 779 1286 nundinum,
791 1239 868 1280 terna

187 1303 299 1352 nundinae
314 1333 322 1360 ,
337 1301 421 1367 quibus
434 1302 474 1351 lex
489 1301 513 1350 in
529 1301 632 1351 comitiis
648 1301 747 1350 ferenda
763 1303 875 1367 promul*

187 1375 286 1442 gebatur
303 1406 311 1431 ‚
334 1388 360 1424 ut
380 1372 463 1434 cives,
483 1391 513 1424 ex
531 1374 594 1443 agris
614 1375 638 1422 in
655 1376 738 1424 urbem
758 1375 788 1423 ad
806 1392 869 1442 nun·⁴

187 1448 254 1500 dinas
269 1443 418 1498 conduentes
432 1475 440 1506 ,
457 1448 530 1498 etiam
544 1462 616 1514 atque
627 1448 700 1497 etiam
711 1446 803 1513 poffent
814 1465 868 1498 eam

188 1521 351 1570 considerare.
369 1520 457 1569 Ternae
478 1537 559 1571 autem
579 1521 690 1572 nundinae
709 1537 764 1570 cum
782 1521 869 1572 diebus

187 1593 319 1661 interjeitis
340 1590 470 1642 conficiunt
492 1594 601 1643 summam
622 1594 715 1643 dierum
734 1594 869 1661 septemder

188 1667 244 1716 cim.
265 1665 473 1716 Numerandorum
494 1667 557 1714 enim
581 1665 671 1714 dierum
691 1664 783 1714 initium
807 1664 869 1717 fita

187 1739 269 1806 primis
287 1739 422 1796 nundinis,
444 1739 469 1789 δε
486 1738 573 1788 desinit
590 1738 614 1788 in
632 1737 734 1789 tertiis:
756 1740 868 1788 nundinae

188 1826 269 1861 aurem
288 1813 397 1862 secunda.
415 1811 450 1861 bis
469 1822 648 1867 numerantur,
667 1823 693 1860 ut
709 1810 757 1861 sint
774 1813 799 1862 δι
817 1810 868 1862 dier

188 1901 267 1936 nonus
285 1902 298 1934 a
316 1884 398 1950 primis
417 1885 527 1936 nundinis
545 1917 553 1944 ,
575 1884 601 1936 δι
619 1883 708 1951 primus
723 1883 776 1934 diet
789 1883 813 1934 in
833 1887 869 1934 al·

187 1972 240 2010 tera
263 1959 370 2008 enneade
390 1957 490 2010 dierum.
865 1953 867 1958 ’

225 2029 423 2087 Turruutum,
437 2031 492 2098 quid
511 2032 542 2082 sit
555 2030 647 2082 Cicero
662 2025 736 2081 docet
755 2030 814 2082 Diu.
831 2045 843 2082 r
859 2039 870 2091 ᾗ

191 2114 235 2168 15.
253 2103 346 2153 Confer
367 2105 439 2154 etiam
458 2105 517 2154 Div.
535 2121 571 2164 a,
592 2105 617 2154 8.
633 2105 658 2157 δι
672 2104 739 2154 Fam.
757 2105 788 2163 6,
806 2104 833 2159 6.

225 2176 357 2228 Tnutt'n.
376 2174 450 2229 Verr.
473 2194 512 2239 4,
530 2193 575 2240 27·
593 2177 651 2227 Erat
669 2177 871 2238 taurinatium,

189 2263 352 2318 comparatum
373 2252 402 2299 ad
423 2250 505 2301 vinum
526 2250 706 2309 hauriendum,
730 2250 755 2301 δι
779 2253 870 2318 poculo

188 2323 361 2374 infundendum
373 2356 381 2380 ,
398 2323 462 2389 quod
474 2324 514 2372 vel
526 2324 601 2387 ipsum
611 2323 759 2372 manubrium
770 2324 870 2375 indicat.

227 2396 250 2445 T
261 2411 278 2445 υ
288 2410 309 2444 Μ
320 2407 387 2443 ertu
402 2427 409 2452 ‚
432 2406 550 2461 aegrotum
568 2395 646 2443 animo
663 2396 689 2444 bt
707 2398 871 2459 perturbatum

191 2468 247 2520 effe.
274 2468 348 2517 Tusc.
378 2481 411 2531 3,
434 2481 461 2530 9.
484 2467 573 2516 animus
598 2465 729 2515 trementia
750 2467 811 2517 virio
829 2469 871 2530 est.

191 2542 377 2592 *Transfertur
393 2540 424 2589 ad
444 2555 483 2589 res
502 2539 571 2603 ipsas.
588 2538 643 2590 Art.
663 2554 694 2600 14
709 2544 719 2597 ',
737 2555 764 2600 4.
784 2555 872 2592 tument

190 2615 306 2682 negotia,
323 2615 347 2662 h.
367 2630 390 2665 e.
408 2613 530 2662 imminent
546 2629 585 2662 res
600 2629 680 2664 novae.
693 2612 757 2662 Hinc
770 2613 828 2664 ibid.
848 2628 873 2675 ς.

192 2703 303 2738 tumorem
321 2704 405 2737 rerum.
422 2685 486 2735 Hine
507 2685 568 2736 Phil.
586 2685 601 2734 8
619 2719 626 2744 ‚
646 2700 669 2735 t.
684 2686 815 2744 tumultus,
831 2687 873 2752 qui

191 2760 224 2811 est
246 2758 502 2827 perturbationum,
526 2774 553 2808 ut
571 2759 646 2821 major
666 2774 744 2807 tumor
762 2759 875 2828 oriatur,

191 2835 251 2884 uude
270 2833 342 2881 eriam
358 2849 440 2882 nomen
460 2830 594 2902 Andiumrrst
609 2831 729 2884 tumuleris.

228 2906 418 2959 Tunrcarus.
435 2904 497 2974 Agr.
509 2919 546 2966 2,
567 2917 613 2970 34.
624 2904 663 2972 qui
678 2919 751 3027 rte-§rr
769 2918 821 2954 erar
837 2900 875 2953 nrss

751 2993 768 3028 v
