<?xml version="1.0" encoding="UTF-8"?>
<!DOCTYPE html PUBLIC "-//W3C//DTD XHTML 1.0 Transitional//EN"
    "http://www.w3.org/TR/xhtml1/DTD/xhtml1-transitional.dtd">
<html xmlns="http://www.w3.org/1999/xhtml" xml:lang="en" lang="en">
 <head>
  <title>
</title>
<meta http-equiv="Content-Type" content="text/html;charset=utf-8" />
  <meta name='ocr-system' content='tesseract 3.04.00' />
  <meta name='ocr-capabilities' content='ocr_page ocr_carea ocr_par ocr_line ocrx_word'/>
</head>
<body>
  <div class='ocr_page' id='page_1' title='image "./mtulliiciceroni02lallgoog/mtulliiciceroni02lallgoog_0477.png"; bbox 0 0 2125 3784; ppageno 0'>
   <div class='ocr_carea' id='block_1_1' title="bbox 281 532 767 623">
    <p class='ocr_par' dir='ltr' id='par_1_1' title="bbox 281 532 767 623">
     <span class='ocr_line' id='line_1_1' title="bbox 281 532 767 623; baseline -0.006 -22"><span class='ocrx_word' id='word_1_1' title='bbox 281 532 599 623; x_wconf 58' lang='lat' dir='ltr'>&#39;trenno</span> <span class='ocrx_word' id='word_1_2' title='bbox 708 553 767 621; x_wconf 81' lang='lat'>475</span> 
     </span>
    </p>
   </div>
   <div class='ocr_carea' id='block_1_2' title="bbox 167 636 780 3119">
    <p class='ocr_par' dir='ltr' id='par_1_2' title="bbox 167 636 780 3119">
     <span class='ocr_line' id='line_1_2' title="bbox 361 636 771 707; baseline 0.007 -19"><span class='ocrx_word' id='word_1_3' title='bbox 361 638 426 689; x_wconf 85' lang='lat' dir='ltr'>unde</span> <span class='ocrx_word' id='word_1_4' title='bbox 444 638 473 689; x_wconf 81' lang='lat' dir='ltr'>iis</span> <span class='ocrx_word' id='word_1_5' title='bbox 491 636 669 705; x_wconf 79' lang='lat' dir='ltr'>temporibus,</span> <span class='ocrx_word' id='word_1_6' title='bbox 697 658 771 707; x_wconf 85' lang='lat' dir='ltr'>qutun</span> 
     </span>
     <span class='ocr_line' id='line_1_3' title="bbox 405 713 771 766; baseline 0.014 -5"><span class='ocrx_word' id='word_1_7' title='bbox 405 714 449 762; x_wconf 67' lang='lat' dir='ltr'>&lt;tis</span> <span class='ocrx_word' id='word_1_8' title='bbox 468 713 549 763; x_wconf 81' lang='lat' dir='ltr'>locutu</span> <span class='ocrx_word' id='word_1_9' title='bbox 568 713 681 765; x_wconf 76' lang='lat' dir='ltr'><strong>obtinuit.</strong></span> <span class='ocrx_word' id='word_1_10' title='bbox 701 714 771 766; x_wconf 78' lang='lat' dir='ltr'>Ass&#39;ee</span> 
     </span>
     <span class='ocr_line' id='line_1_4' title="bbox 446 803 480 835; baseline 0.059 -2"><span class='ocrx_word' id='word_1_11' title='bbox 446 803 480 835; x_wconf 77' lang='lat' dir='ltr'>m.</span> 
     </span>
     <span class='ocr_line' id='line_1_5' title="bbox 482 855 771 927; baseline 0.014 -20"><span class='ocrx_word' id='word_1_12' title='bbox 482 858 583 927; x_wconf 58' lang='lat' dir='ltr'>=wipere</span> <span class='ocrx_word' id='word_1_13' title='bbox 602 855 694 926; x_wconf 73' lang='lat' dir='ltr'>causam</span> <span class='ocrx_word' id='word_1_14' title='bbox 710 860 771 911; x_wconf 82' lang='lat' dir='ltr'>dici·</span> 
     </span>
     <span class='ocr_line' id='line_1_6' title="bbox 502 932 771 998; baseline 0.015 -18"><span class='ocrx_word' id='word_1_15' title='bbox 502 950 541 991; x_wconf 86' lang='lat' dir='ltr'>.e,</span> <span class='ocrx_word' id='word_1_16' title='bbox 559 932 599 998; x_wconf 90' lang='lat' dir='ltr'>qui</span> <span class='ocrx_word' id='word_1_17' title='bbox 614 933 699 998; x_wconf 81' lang='lat' dir='ltr'>sponte</span> <span class='ocrx_word' id='word_1_18' title='bbox 716 952 771 984; x_wconf 84' lang='lat' dir='ltr'>eant</span> 
     </span>
     <span class='ocr_line' id='line_1_7' title="bbox 460 1005 771 1058; baseline 0.01 -3"><span class='ocrx_word' id='word_1_19' title='bbox 460 1008 542 1056; x_wconf 66' lang='lat' dir='ltr'>erbum</span> <span class='ocrx_word' id='word_1_20' title='bbox 563 1005 660 1056; x_wconf 82' lang='lat' dir='ltr'>forense</span> <span class='ocrx_word' id='word_1_21' title='bbox 680 1021 689 1058; x_wconf 67' lang='grc' dir='ltr'>ε</span> <span class='ocrx_word' id='word_1_22' title='bbox 716 1025 771 1058; x_wconf 79' lang='lat' dir='ltr'>nant</span> 
     </span>
     <span class='ocr_line' id='line_1_8' title="bbox 412 1079 771 1146; baseline 0.008 -17"><span class='ocrx_word' id='word_1_23' title='bbox 412 1080 492 1130; x_wconf 67' lang='lat' dir='ltr'>,icitur</span> <span class='ocrx_word' id='word_1_24' title='bbox 510 1097 604 1146; x_wconf 86' lang='lat' dir='ltr'>,quum</span> <span class='ocrx_word' id='word_1_25' title='bbox 620 1079 726 1129; x_wconf 80' lang='lat' dir='ltr'>deserunt</span> <span class='ocrx_word' id='word_1_26' title='bbox 741 1084 771 1132; x_wconf 80' lang='lat' dir='ltr'>ab</span> 
     </span>
     <span class='ocr_line' id='line_1_9' title="bbox 360 1153 772 1220; baseline 0.007 -17"><span class='ocrx_word' id='word_1_27' title='bbox 360 1170 458 1203; x_wconf 71' lang='lat' dir='ltr'>‚eorum</span> <span class='ocrx_word' id='word_1_28' title='bbox 476 1153 564 1203; x_wconf 81' lang='lat' dir='ltr'>refert.</span> <span class='ocrx_word' id='word_1_29' title='bbox 581 1155 596 1185; x_wconf 79' lang='lat'>*</span> <span class='ocrx_word' id='word_1_30' title='bbox 612 1153 731 1220; x_wconf 81' lang='lat' dir='ltr'>Excipere</span> <span class='ocrx_word' id='word_1_31' title='bbox 746 1156 772 1207; x_wconf 89' lang='lat' dir='ltr'>in</span> 
     </span>
     <span class='ocr_line' id='line_1_10' title="bbox 312 1225 772 1288; baseline 0.009 -14"><span class='ocrx_word' id='word_1_32' title='bbox 312 1262 318 1274; x_wconf 89' lang='lat'>.</span> <span class='ocrx_word' id='word_1_33' title='bbox 334 1242 350 1276; x_wconf 79' lang='lat'>2</span> <span class='ocrx_word' id='word_1_34' title='bbox 355 1242 379 1288; x_wconf 84' lang='lat'>5.</span> <span class='ocrx_word' id='word_1_35' title='bbox 395 1226 562 1276; x_wconf 72' lang='lat' dir='ltr'>venditores...</span> <span class='ocrx_word' id='word_1_36' title='bbox 579 1225 637 1275; x_wconf 74' lang='lat' dir='ltr'>ratis</span> <span class='ocrx_word' id='word_1_37' title='bbox 652 1226 716 1276; x_wconf 80' lang='lat' dir='ltr'>taert&#39;e</span> <span class='ocrx_word' id='word_1_38' title='bbox 733 1246 772 1278; x_wconf 87' lang='lat' dir='ltr'>re·</span> 
     </span>
     <span class='ocr_line' id='line_1_11' title="bbox 260 1298 774 1367; baseline 0.004 -20"><span class='ocrx_word' id='word_1_39' title='bbox 260 1304 330 1347; x_wconf 74' lang='lat' dir='ltr'>‚aune</span> <span class='ocrx_word' id='word_1_40' title='bbox 345 1313 423 1348; x_wconf 84' lang='lat' dir='ltr'>tamem</span> <span class='ocrx_word' id='word_1_41' title='bbox 441 1299 534 1364; x_wconf 81' lang='lat' dir='ltr'>aliquid</span> <span class='ocrx_word' id='word_1_42' title='bbox 550 1299 658 1367; x_wconf 81' lang='lat' dir='ltr'>emptori.</span> <span class='ocrx_word' id='word_1_43' title='bbox 673 1298 774 1350; x_wconf 84' lang='lat' dir='ltr'>Gladia-</span> 
     </span>
     <span class='ocr_line' id='line_1_12' title="bbox 210 1369 775 1440; baseline 0.014 -22"><span class='ocrx_word' id='word_1_44' title='bbox 210 1388 274 1439; x_wconf 88' lang='lat' dir='ltr'>.pere</span> <span class='ocrx_word' id='word_1_45' title='bbox 285 1369 375 1437; x_wconf 68' lang='lat' dir='ltr'>ftrrum</span> <span class='ocrx_word' id='word_1_46' title='bbox 394 1373 525 1431; x_wconf 87' lang='lat' dir='ltr'>dicuntur,</span> <span class='ocrx_word' id='word_1_47' title='bbox 542 1389 614 1438; x_wconf 89' lang='lat' dir='ltr'>quum</span> <span class='ocrx_word' id='word_1_48' title='bbox 630 1371 733 1440; x_wconf 81' lang='lat' dir='ltr'>jugulari</span> <span class='ocrx_word' id='word_1_49' title='bbox 747 1374 775 1426; x_wconf 66' lang='lat' dir='ltr'>se</span> 
     </span>
     <span class='ocr_line' id='line_1_13' title="bbox 167 1444 755 1510; baseline 0.003 -16"><span class='ocrx_word' id='word_1_50' title='bbox 167 1444 265 1495; x_wconf 66' lang='lat' dir='ltr'>tessario</span> <span class='ocrx_word' id='word_1_51' title='bbox 280 1445 414 1509; x_wconf 84' lang='lat' dir='ltr'>pariuntur.</span> <span class='ocrx_word' id='word_1_52' title='bbox 432 1445 502 1494; x_wconf 76' lang='lat' dir='ltr'>Sext.</span> <span class='ocrx_word' id='word_1_53' title='bbox 521 1458 567 1509; x_wconf 83' lang='lat'>37.</span> <span class='ocrx_word' id='word_1_54' title='bbox 578 1445 652 1496; x_wconf 87' lang='lat' dir='ltr'>Tusc.</span> <span class='ocrx_word' id='word_1_55' title='bbox 666 1462 681 1495; x_wconf 89' lang='lat'>2</span> <span class='ocrx_word' id='word_1_56' title='bbox 694 1479 702 1505; x_wconf 87' lang='lat'>,</span> <span class='ocrx_word' id='word_1_57' title='bbox 715 1461 755 1510; x_wconf 85' lang='lat'>17.</span> 
     </span>
     <span class='ocr_line' id='line_1_14' title="bbox 167 1517 775 1585; baseline 0.002 -16"><span class='ocrx_word' id='word_1_58' title='bbox 167 1528 372 1575; x_wconf 71' lang='lat' dir='ltr'>cerRATOR,</span> <span class='ocrx_word' id='word_1_59' title='bbox 388 1517 420 1567; x_wconf 88' lang='lat' dir='ltr'>est</span> <span class='ocrx_word' id='word_1_60' title='bbox 431 1517 506 1582; x_wconf 84' lang='lat' dir='ltr'>judex</span> <span class='ocrx_word' id='word_1_61' title='bbox 525 1519 550 1566; x_wconf 92' lang='lat' dir='ltr'>in</span> <span class='ocrx_word' id='word_1_62' title='bbox 568 1518 637 1567; x_wconf 80' lang='lat' dir='ltr'>causa</span> <span class='ocrx_word' id='word_1_63' title='bbox 656 1520 775 1585; x_wconf 74' lang='lat' dir='ltr'>privata,</span> 
     </span>
     <span class='ocr_line' id='line_1_15' title="bbox 167 1590 774 1660; baseline 0.005 -20"><span class='ocrx_word' id='word_1_64' title='bbox 167 1608 204 1641; x_wconf 79' lang='lat' dir='ltr'>ent</span> <span class='ocrx_word' id='word_1_65' title='bbox 223 1590 254 1641; x_wconf 86' lang='lat' dir='ltr'>de</span> <span class='ocrx_word' id='word_1_66' title='bbox 273 1607 299 1640; x_wconf 89' lang='lat' dir='ltr'>re</span> <span class='ocrx_word' id='word_1_67' title='bbox 318 1592 477 1656; x_wconf 77' lang='lat' dir='ltr'>pecuniaria,</span> <span class='ocrx_word' id='word_1_68' title='bbox 498 1605 541 1641; x_wconf 78' lang='lat' dir='ltr'>aut</span> <span class='ocrx_word' id='word_1_69' title='bbox 554 1591 703 1656; x_wconf 71' lang='lat' dir='ltr'>possessione</span> <span class='ocrx_word' id='word_1_70' title='bbox 715 1611 774 1660; x_wconf 80' lang='lat' dir='ltr'>qua·</span> 
     </span>
     <span class='ocr_line' id='line_1_16' title="bbox 167 1664 775 1729; baseline 0.003 -14"><span class='ocrx_word' id='word_1_71' title='bbox 167 1681 190 1715; x_wconf 85' lang='lat' dir='ltr'>te</span> <span class='ocrx_word' id='word_1_72' title='bbox 207 1676 323 1717; x_wconf 79' lang='lat' dir='ltr'>certatur.</span> <span class='ocrx_word' id='word_1_73' title='bbox 345 1664 421 1715; x_wconf 87' lang='lat' dir='ltr'>Vetr.</span> <span class='ocrx_word' id='word_1_74' title='bbox 443 1679 456 1728; x_wconf 86' lang='lat'><em>3</em></span> <span class='ocrx_word' id='word_1_75' title='bbox 471 1699 479 1723; x_wconf 84' lang='lat'>,</span> <span class='ocrx_word' id='word_1_76' title='bbox 499 1665 639 1728; x_wconf 75' lang='lat' dir='ltr'>13.caeci1.</span> <span class='ocrx_word' id='word_1_77' title='bbox 655 1682 697 1729; x_wconf 88' lang='lat'>15.</span> <span class='ocrx_word' id='word_1_78' title='bbox 718 1667 775 1717; x_wconf 82' lang='lat' dir='ltr'>Cae·</span> 
     </span>
     <span class='ocr_line' id='line_1_17' title="bbox 167 1736 774 1805; baseline 0.002 -17"><span class='ocrx_word' id='word_1_79' title='bbox 167 1773 173 1790; x_wconf 92' lang='lat'>.</span> <span class='ocrx_word' id='word_1_80' title='bbox 187 1736 250 1788; x_wconf 81' lang='lat' dir='ltr'>Hinc</span> <span class='ocrx_word' id='word_1_81' title='bbox 261 1738 458 1805; x_wconf 67' lang='lat' dir='ltr'>recuperatorum</span> <span class='ocrx_word' id='word_1_82' title='bbox 464 1738 579 1803; x_wconf 77' lang='lat' dir='ltr'>judicium</span> <span class='ocrx_word' id='word_1_83' title='bbox 591 1740 665 1791; x_wconf 88' lang='lat' dir='ltr'>Verr.</span> <span class='ocrx_word' id='word_1_84' title='bbox 678 1754 690 1804; x_wconf 86' lang='lat'>3</span> <span class='ocrx_word' id='word_1_85' title='bbox 707 1772 714 1797; x_wconf 89' lang='lat'>,</span> <span class='ocrx_word' id='word_1_86' title='bbox 730 1754 774 1792; x_wconf 88' lang='lat' dir='ltr'>rt.</span> 
     </span>
     <span class='ocr_line' id='line_1_18' title="bbox 167 1811 775 1877; baseline 0.002 -14"><span class='ocrx_word' id='word_1_87' title='bbox 167 1822 302 1863; x_wconf 64' lang='lat' dir='ltr'>munna</span> <span class='ocrx_word' id='word_1_88' title='bbox 321 1844 329 1869; x_wconf 84' lang='lat'>‚</span> <span class='ocrx_word' id='word_1_89' title='bbox 349 1811 382 1860; x_wconf 87' lang='lat' dir='ltr'>est</span> <span class='ocrx_word' id='word_1_90' title='bbox 401 1813 513 1876; x_wconf 84' lang='lat' dir='ltr'>recipere</span> <span class='ocrx_word' id='word_1_91' title='bbox 532 1811 598 1877; x_wconf 89' lang='lat' dir='ltr'>quod</span> <span class='ocrx_word' id='word_1_92' title='bbox 619 1825 671 1862; x_wconf 82' lang='lat' dir='ltr'>erat</span> <span class='ocrx_word' id='word_1_93' title='bbox 689 1813 775 1863; x_wconf 82' lang='lat' dir='ltr'>vendi·</span> 
     </span>
     <span class='ocr_line' id='line_1_19' title="bbox 171 1885 776 1953; baseline 0.002 -18"><span class='ocrx_word' id='word_1_94' title='bbox 171 1886 227 1952; x_wconf 80' lang='lat' dir='ltr'>quia</span> <span class='ocrx_word' id='word_1_95' title='bbox 246 1886 406 1950; x_wconf 79' lang='lat' dir='ltr'>improbatum</span> <span class='ocrx_word' id='word_1_96' title='bbox 426 1885 459 1933; x_wconf 82' lang='lat' dir='ltr'>est</span> <span class='ocrx_word' id='word_1_97' title='bbox 482 1917 490 1942; x_wconf 90' lang='lat'>,</span> <span class='ocrx_word' id='word_1_98' title='bbox 516 1885 670 1950; x_wconf 83' lang='lat' dir='ltr'>deteriusque</span> <span class='ocrx_word' id='word_1_99' title='bbox 691 1902 776 1953; x_wconf 60' lang='lat' dir='ltr'>repere</span> 
     </span>
     <span class='ocr_line' id='line_1_20' title="bbox 173 1957 699 2026; baseline 0.004 -18"><span class='ocrx_word' id='word_1_100' title='bbox 173 1963 244 2026; x_wconf 68' lang='lat' dir='ltr'>quom</span> <span class='ocrx_word' id='word_1_101' title='bbox 264 1959 378 2008; x_wconf 75' lang='lat' dir='ltr'>venditor</span> <span class='ocrx_word' id='word_1_102' title='bbox 399 1958 501 2008; x_wconf 79' lang='lat' dir='ltr'>dixerat.</span> <span class='ocrx_word' id='word_1_103' title='bbox 523 1957 575 2008; x_wconf 86' lang='lat' dir='ltr'>Off.</span> <span class='ocrx_word' id='word_1_104' title='bbox 597 1971 633 2021; x_wconf 87' lang='lat'>3,</span> <span class='ocrx_word' id='word_1_105' title='bbox 654 1973 699 2023; x_wconf 86' lang='lat'>23.</span> 
     </span>
     <span class='ocr_line' id='line_1_21' title="bbox 167 2030 775 2097; baseline 0 -14"><span class='ocrx_word' id='word_1_106' title='bbox 167 2044 291 2083; x_wconf 74' lang='lat' dir='ltr'>DIMERE</span> <span class='ocrx_word' id='word_1_107' title='bbox 312 2064 320 2090; x_wconf 87' lang='lat'>‚</span> <span class='ocrx_word' id='word_1_108' title='bbox 342 2031 431 2081; x_wconf 80' lang='lat' dir='ltr'>dieitur</span> <span class='ocrx_word' id='word_1_109' title='bbox 458 2032 488 2080; x_wconf 90' lang='lat' dir='ltr'>de</span> <span class='ocrx_word' id='word_1_110' title='bbox 516 2047 568 2088; x_wconf 88' lang='lat' dir='ltr'>eo,</span> <span class='ocrx_word' id='word_1_111' title='bbox 587 2032 627 2097; x_wconf 83' lang='lat' dir='ltr'>qui</span> <span class='ocrx_word' id='word_1_112' title='bbox 646 2030 775 2084; x_wconf 77' lang='lat' dir='ltr'>aedificiunr</span> 
     </span>
     <span class='ocr_line' id='line_1_22' title="bbox 167 2104 774 2171; baseline -0.002 -14"><span class='ocrx_word' id='word_1_113' title='bbox 167 2108 252 2157; x_wconf 87' lang='lat' dir='ltr'>endum</span> <span class='ocrx_word' id='word_1_114' title='bbox 264 2104 399 2157; x_wconf 85' lang='lat' dir='ltr'>conducit:</span> <span class='ocrx_word' id='word_1_115' title='bbox 414 2104 436 2154; x_wconf 89' lang='lat' dir='ltr'>ei</span> <span class='ocrx_word' id='word_1_116' title='bbox 449 2105 581 2171; x_wconf 90' lang='lat' dir='ltr'>opponitur</span> <span class='ocrx_word' id='word_1_117' title='bbox 592 2105 682 2158; x_wconf 86' lang='lat' dir='ltr'>locare.</span> <span class='ocrx_word' id='word_1_118' title='bbox 696 2106 774 2158; x_wconf 86' lang='lat' dir='ltr'>Vett.</span> 
     </span>
     <span class='ocr_line' id='line_1_23' title="bbox 171 2176 774 2246; baseline -0.005 -16"><span class='ocrx_word' id='word_1_119' title='bbox 171 2214 179 2232; x_wconf 87' lang='lat'>.</span> <span class='ocrx_word' id='word_1_120' title='bbox 207 2178 250 2243; x_wconf 82' lang='lat'>56.</span> <span class='ocrx_word' id='word_1_121' title='bbox 271 2179 292 2228; x_wconf 81' lang='lat' dir='ltr'>ti</span> <span class='ocrx_word' id='word_1_122' title='bbox 304 2176 400 2246; x_wconf 80' lang='lat' dir='ltr'>pupillo</span> <span class='ocrx_word' id='word_1_123' title='bbox 415 2195 472 2245; x_wconf 82' lang='lat' dir='ltr'>opus</span> <span class='ocrx_word' id='word_1_124' title='bbox 488 2178 618 2227; x_wconf 79' lang='lat' dir='ltr'>redimitur.</span> <span class='ocrx_word' id='word_1_125' title='bbox 636 2179 700 2230; x_wconf 87' lang='lat' dir='ltr'>Hine</span> <span class='ocrx_word' id='word_1_126' title='bbox 714 2179 774 2228; x_wconf 81' lang='lat' dir='ltr'>illud</span> 
     </span>
     <span class='ocr_line' id='line_1_24' title="bbox 167 2251 774 2323; baseline -0.003 -19"><span class='ocrx_word' id='word_1_127' title='bbox 167 2270 193 2323; x_wconf 67' lang='lat'>3²</span> <span class='ocrx_word' id='word_1_128' title='bbox 206 2254 283 2308; x_wconf 81' lang='lat' dir='ltr'>Verr.</span> <span class='ocrx_word' id='word_1_129' title='bbox 300 2265 331 2311; x_wconf 76' lang='grc' dir='ltr'>ι,</span> <span class='ocrx_word' id='word_1_130' title='bbox 355 2266 392 2304; x_wconf 83' lang='grc' dir='ltr'>ιι.</span> <span class='ocrx_word' id='word_1_131' title='bbox 409 2252 448 2320; x_wconf 80' lang='lat' dir='ltr'>qui</span> <span class='ocrx_word' id='word_1_132' title='bbox 467 2251 532 2316; x_wconf 80' lang='lat' dir='ltr'>istam</span> <span class='ocrx_word' id='word_1_133' title='bbox 548 2252 691 2319; x_wconf 81' lang='lat' dir='ltr'>eripiendum</span> <span class='ocrx_word' id='word_1_134' title='bbox 709 2255 774 2302; x_wconf 82' lang='lat' dir='ltr'>rede·</span> 
     </span>
     <span class='ocr_line' id='line_1_25' title="bbox 167 2325 777 2393; baseline 0.002 -18"><span class='ocrx_word' id='word_1_135' title='bbox 167 2342 182 2378; x_wconf 78' lang='lat' dir='ltr'>r.</span> <span class='ocrx_word' id='word_1_136' title='bbox 192 2330 208 2361; x_wconf 72' lang='lat'>²*</span> <span class='ocrx_word' id='word_1_137' title='bbox 223 2326 330 2377; x_wconf 56' lang='lat' dir='ltr'>Pecunia</span> <span class='ocrx_word' id='word_1_138' title='bbox 348 2325 423 2387; x_wconf 66' lang='lat' dir='ltr'>data,</span> <span class='ocrx_word' id='word_1_139' title='bbox 441 2326 466 2376; x_wconf 85' lang='lat' dir='ltr'>se</span> <span class='ocrx_word' id='word_1_140' title='bbox 481 2338 524 2376; x_wconf 84' lang='lat' dir='ltr'>aut</span> <span class='ocrx_word' id='word_1_141' title='bbox 537 2327 609 2376; x_wconf 83' lang='lat' dir='ltr'>aliurn</span> <span class='ocrx_word' id='word_1_142' title='bbox 625 2326 703 2393; x_wconf 73' lang='lat' dir='ltr'>aliqui</span> <span class='ocrx_word' id='word_1_143' title='bbox 719 2344 777 2376; x_wconf 84' lang='lat' dir='ltr'>rno-</span> 
     </span>
     <span class='ocr_line' id='line_1_26' title="bbox 167 2399 775 2467; baseline -0.003 -14"><span class='ocrx_word' id='word_1_144' title='bbox 167 2400 274 2453; x_wconf 83' lang='lat' dir='ltr'>iberare.</span> <span class='ocrx_word' id='word_1_145' title='bbox 292 2401 367 2452; x_wconf 86' lang='lat' dir='ltr'>Vert.</span> <span class='ocrx_word' id='word_1_146' title='bbox 381 2413 407 2464; x_wconf 81' lang='lat'>3.</span> <span class='ocrx_word' id='word_1_147' title='bbox 419 2414 464 2450; x_wconf 66' lang='grc' dir='ltr'>ιο.</span> <span class='ocrx_word' id='word_1_148' title='bbox 479 2399 592 2450; x_wconf 82' lang='lat' dir='ltr'>redimere</span> <span class='ocrx_word' id='word_1_149' title='bbox 602 2401 711 2467; x_wconf 79' lang='lat' dir='ltr'>periculo</span> <span class='ocrx_word' id='word_1_150' title='bbox 717 2400 775 2467; x_wconf 64' lang='lat' dir='ltr'>fito.</span> 
     </span>
     <span class='ocr_line' id='line_1_27' title="bbox 167 2471 773 2539; baseline -0.007 -13"><span class='ocrx_word' id='word_1_151' title='bbox 167 2472 210 2539; x_wconf 76' lang='lat'>56.</span> <span class='ocrx_word' id='word_1_152' title='bbox 226 2473 339 2524; x_wconf 82' lang='lat' dir='ltr'>redimere</span> <span class='ocrx_word' id='word_1_153' title='bbox 356 2488 472 2522; x_wconf 78' lang='lat' dir='ltr'>tonanter</span> <span class='ocrx_word' id='word_1_154' title='bbox 487 2488 535 2520; x_wconf 82' lang='lat' dir='ltr'>ram</span> <span class='ocrx_word' id='word_1_155' title='bbox 551 2471 684 2536; x_wconf 75' lang='lat' dir='ltr'>eooseffam.</span> <span class='ocrx_word' id='word_1_156' title='bbox 699 2474 773 2522; x_wconf 80' lang='lat' dir='ltr'>Unde</span> 
     </span>
     <span class='ocr_line' id='line_1_28' title="bbox 168 2543 775 2616; baseline -0.007 -17"><span class='ocrx_word' id='word_1_157' title='bbox 168 2544 295 2616; x_wconf 71' lang='lat' dir='ltr'>rephorice</span> <span class='ocrx_word' id='word_1_158' title='bbox 314 2545 382 2595; x_wconf 83' lang='lat' dir='ltr'>Fam.</span> <span class='ocrx_word' id='word_1_159' title='bbox 398 2558 437 2603; x_wconf 85' lang='lat'>2,</span> <span class='ocrx_word' id='word_1_160' title='bbox 460 2543 500 2594; x_wconf 73' lang='lat'>16.</span> <span class='ocrx_word' id='word_1_161' title='bbox 522 2543 674 2592; x_wconf 76' lang='lat' dir='ltr'>acerbitatem</span> <span class='ocrx_word' id='word_1_162' title='bbox 690 2561 705 2593; x_wconf 85' lang='lat' dir='ltr'>a</span> <span class='ocrx_word' id='word_1_163' title='bbox 721 2562 775 2613; x_wconf 81' lang='lat' dir='ltr'>rep.</span> 
     </span>
     <span class='ocr_line' id='line_1_29' title="bbox 167 2616 489 2672; baseline -0.016 0"><span class='ocrx_word' id='word_1_164' title='bbox 167 2620 186 2672; x_wconf 86' lang='lat' dir='ltr'>it</span> <span class='ocrx_word' id='word_1_165' title='bbox 202 2616 356 2671; x_wconf 79' lang='lat' dir='ltr'>imcomrrtodie</span> <span class='ocrx_word' id='word_1_166' title='bbox 369 2617 489 2667; x_wconf 82' lang='lat' dir='ltr'>redimere.</span> 
     </span>
     <span class='ocr_line' id='line_1_30' title="bbox 168 2687 777 2751; baseline -0.011 -4"><span class='ocrx_word' id='word_1_167' title='bbox 168 2706 308 2747; x_wconf 75' lang='lat' dir='ltr'>murus.</span> <span class='ocrx_word' id='word_1_168' title='bbox 329 2692 404 2742; x_wconf 85' lang='lat' dir='ltr'>Vetr.</span> <span class='ocrx_word' id='word_1_169' title='bbox 422 2705 459 2748; x_wconf 84' lang='lat' dir='ltr'>t,</span> <span class='ocrx_word' id='word_1_170' title='bbox 483 2687 525 2751; x_wconf 84' lang='lat'>56.</span> <span class='ocrx_word' id='word_1_171' title='bbox 544 2688 651 2739; x_wconf 73' lang='lat' dir='ltr'>redimiro</span> <span class='ocrx_word' id='word_1_172' title='bbox 670 2690 716 2740; x_wconf 74' lang='lat' dir='ltr'>tibi</span> <span class='ocrx_word' id='word_1_173' title='bbox 730 2691 777 2740; x_wconf 78' lang='lat' dir='ltr'>da·</span> 
     </span>
     <span class='ocr_line' id='line_1_31' title="bbox 168 2762 777 2833; baseline -0.003 -15"><span class='ocrx_word' id='word_1_174' title='bbox 168 2805 171 2821; x_wconf 82' lang='lat'>‚</span> <span class='ocrx_word' id='word_1_175' title='bbox 196 2782 285 2833; x_wconf 84' lang='lat' dir='ltr'>nempe</span> <span class='ocrx_word' id='word_1_176' title='bbox 301 2765 394 2831; x_wconf 78' lang='lat' dir='ltr'>lapides</span> <span class='ocrx_word' id='word_1_177' title='bbox 411 2764 436 2815; x_wconf 85' lang='lat'>&amp;</span> <span class='ocrx_word' id='word_1_178' title='bbox 455 2762 527 2819; x_wconf 82' lang='lat' dir='ltr'>alia.</span> <span class='ocrx_word' id='word_1_179' title='bbox 548 2780 601 2830; x_wconf 76' lang='lat' dir='ltr'>quer</span> <span class='ocrx_word' id='word_1_180' title='bbox 619 2779 649 2813; x_wconf 83' lang='lat' dir='ltr'>ex</span> <span class='ocrx_word' id='word_1_181' title='bbox 670 2762 777 2816; x_wconf 62' lang='lat' dir='ltr'>edificio</span> 
     </span>
     <span class='ocr_line' id='line_1_32' title="bbox 168 2837 647 2891; baseline -0.01 0"><span class='ocrx_word' id='word_1_182' title='bbox 168 2856 182 2891; x_wconf 87' lang='lat' dir='ltr'>o</span> <span class='ocrx_word' id='word_1_183' title='bbox 201 2838 319 2891; x_wconf 71' lang='lat' dir='ltr'>destructo</span> <span class='ocrx_word' id='word_1_184' title='bbox 334 2838 389 2888; x_wconf 81' lang='lat' dir='ltr'>viva</span> <span class='ocrx_word' id='word_1_185' title='bbox 408 2838 433 2889; x_wconf 69' lang='grc' dir='ltr'>ἃ</span> <span class='ocrx_word' id='word_1_186' title='bbox 451 2837 514 2888; x_wconf 78' lang='lat' dir='ltr'>saiva</span> <span class='ocrx_word' id='word_1_187' title='bbox 531 2837 647 2886; x_wconf 84' lang='lat' dir='ltr'>redeunt.</span> 
     </span>
     <span class='ocr_line' id='line_1_33' title="bbox 168 2909 780 2979; baseline -0.01 -12"><span class='ocrx_word' id='word_1_188' title='bbox 168 2925 298 2970; x_wconf 74' lang='lat' dir='ltr'>num.</span> <span class='ocrx_word' id='word_1_189' title='bbox 316 2911 433 2979; x_wconf 80' lang='lat' dir='ltr'>porticnia</span> <span class='ocrx_word' id='word_1_190' title='bbox 453 2911 515 2961; x_wconf 86' lang='lat' dir='ltr'>cutis</span> <span class='ocrx_word' id='word_1_191' title='bbox 531 2926 585 2974; x_wconf 74' lang='lat' dir='ltr'>qua</span> <span class='ocrx_word' id='word_1_192' title='bbox 601 2909 667 2959; x_wconf 84' lang='lat' dir='ltr'>circa</span> <span class='ocrx_word' id='word_1_193' title='bbox 680 2924 780 2977; x_wconf 63' lang='lat' dir='ltr'>unguen</span> 
     </span>
     <span class='ocr_line' id='line_1_34' title="bbox 168 2982 775 3048; baseline -0.005 -10"><span class='ocrx_word' id='word_1_194' title='bbox 168 3004 218 3038; x_wconf 88' lang='lat' dir='ltr'>rum</span> <span class='ocrx_word' id='word_1_195' title='bbox 243 2986 267 3037; x_wconf 89' lang='lat' dir='ltr'>se</span> <span class='ocrx_word' id='word_1_196' title='bbox 291 2985 400 3036; x_wconf 86' lang='lat' dir='ltr'>resolvit.</span> <span class='ocrx_word' id='word_1_197' title='bbox 428 2985 494 3035; x_wconf 83' lang='lat' dir='ltr'>Hine</span> <span class='ocrx_word' id='word_1_198' title='bbox 518 2982 673 3048; x_wconf 83' lang='lat' dir='ltr'>proverbium</span> <span class='ocrx_word' id='word_1_199' title='bbox 697 2983 727 3032; x_wconf 88' lang='lat' dir='ltr'>de</span> <span class='ocrx_word' id='word_1_200' title='bbox 746 3000 775 3035; x_wconf 87' lang='lat' dir='ltr'>te</span> 
     </span>
     <span class='ocr_line' id='line_1_35' title="bbox 182 3056 753 3119; baseline -0.009 -9"><span class='ocrx_word' id='word_1_201' title='bbox 182 3062 207 3113; x_wconf 83' lang='lat'>&amp;</span> <span class='ocrx_word' id='word_1_202' title='bbox 227 3059 292 3117; x_wconf 82' lang='lat' dir='ltr'>levi,</span> <span class='ocrx_word' id='word_1_203' title='bbox 313 3056 387 3108; x_wconf 86' lang='lat' dir='ltr'>Rosc.</span> <span class='ocrx_word' id='word_1_204' title='bbox 405 3057 438 3107; x_wconf 79' lang='lat' dir='ltr'>A.</span> <span class='ocrx_word' id='word_1_205' title='bbox 458 3074 503 3119; x_wconf 75' lang='lat'>44.</span> <span class='ocrx_word' id='word_1_206' title='bbox 524 3056 643 3106; x_wconf 78' lang='lat' dir='ltr'>reduviam</span> <span class='ocrx_word' id='word_1_207' title='bbox 663 3072 753 3109; x_wconf 83' lang='lat' dir='ltr'>curare.</span> 
     </span>
    </p>
   </div>
   <div class='ocr_carea' id='block_1_3' title="bbox 168 3129 775 3202">
    <p class='ocr_par' dir='ltr' id='par_1_3' title="bbox 168 3129 775 3202">
     <span class='ocr_line' id='line_1_36' title="bbox 168 3129 775 3202; baseline -0.013 -12"><span class='ocrx_word' id='word_1_208' title='bbox 168 3144 288 3195; x_wconf 65' lang='lat' dir='ltr'>tam,</span> <span class='ocrx_word' id='word_1_209' title='bbox 308 3131 466 3201; x_wconf 83' lang='lat' dir='ltr'>respondere.</span> <span class='ocrx_word' id='word_1_210' title='bbox 486 3130 580 3184; x_wconf 80' lang='lat' dir='ltr'>Ceeio.</span> <span class='ocrx_word' id='word_1_211' title='bbox 601 3142 646 3196; x_wconf 80' lang='lat'>29.</span> <span class='ocrx_word' id='word_1_212' title='bbox 665 3144 708 3202; x_wconf 72' lang='lat' dir='ltr'>ego</span> <span class='ocrx_word' id='word_1_213' title='bbox 726 3129 775 3182; x_wconf 72' lang='lat' dir='ltr'>riri</span> 
     </span>
    </p>
   </div>
   <div class='ocr_carea' id='block_1_4' title="bbox 935 3184 945 3295">
    <p class='ocr_par' dir='ltr' id='par_1_4' title="bbox 935 3184 945 3295">
     <span class='ocr_line' id='line_1_37' title="bbox 935 3184 945 3295; baseline 0 0"><span class='ocrx_word' id='word_1_214' title='bbox 935 3184 945 3295; x_wconf 72' lang='lat' dir='ltr'>i</span> 
     </span>
    </p>
   </div>
   <div class='ocr_carea' id='block_1_5' title="bbox 0 0 1068 3784">
    <p class='ocr_par' dir='ltr' id='par_1_5' title="bbox 0 0 1068 3784">
     <span class='ocr_line' id='line_1_38' title="bbox 0 0 1068 3784; baseline 0 0"><span class='ocrx_word' id='word_1_215' title='bbox 0 0 1068 3784; x_wconf 95' lang='lat' dir='ltr'> </span> 
     </span>
    </p>
   </div>
  </div>
 </body>
</html>
