2125 3784
236 434 298 485 Ar)
321 415 523 485 Arrrcvm
543 414 631 482 [ηις
650 412 720 481 XI.
776 434 818 504 23

129 553 222 615 quum
234 530 338 590 videas
351 529 495 593 accessisse
511 529 548 589 ad
561 528 722 608 superiores
739 528 824 610 aegri·

130 615 252 673 tudines
265 611 412 690 praeclaras
425 613 525 696 generi
544 607 695 671 aldiones?
714 606 762 668 Tu
779 629 829 669 tas

136 713 206 753 men
223 692 313 753 velim
331 713 367 754 ne
381 696 574 765 intermittas,
591 689 689 772 quoad
700 688 764 768 ejus
779 688 824 750 fa-

136 793 201 835 cere
220 773 357 855 poteris,
386 776 509 838 scribere
530 773 567 834 ad
590 793 661 842 me,
684 773 773 832 etiarn
797 773 823 832 si

135 875 218 928 rem,
233 855 270 916 de
292 876 350 936 qua
366 856 493 932 scribas,
512 877 573 916 non
586 853 726 914 habebis:
744 852 821 913 sem·

135 956 188 1016 per
199 939 278 997 enim
292 934 414 1000 afferunt
432 937 542 1019 aliquid
554 937 625 995 mihi
640 953 697 995 tuae
709 933 826 996 litterata

135 1015 277 1078 Galeonis
299 1018 491 1082 hereditatem
513 1019 594 1078 crevi
612 1038 620 1076 ι
638 1033 721 1097 puto
739 1018 823 1075 enim

134 1100 299 1161 cretionem
321 1102 484 1182 simplicem
502 1096 584 1158 fuisse
596 1098 763 1177 ,quoniam
785 1096 823 1156 ad

136 1200 186 1242 me
206 1179 289 1239 nulla
306 1177 387 1240 milla
405 1179 456 1242 est.
475 1197 541 1241 vm
560 1177 604 1238 ld.
627 1177 720 1238 Mart.

238 1284 403 1362 C1cr'rto
436 1297 605 1372 Arrrco
635 1295 731 1360 Sam

138 1381 314 1500 13.AMu
325 1417 544 1486 ηΜἿὶΒεττο
555 1419 626 1480 nihil
637 1415 730 1479 adhuc
742 1437 826 1479 acce·

137 1522 240 1581 peram
257 1500 426 1560 litterarum.
438 1498 471 1561 P.
488 1501 564 1562 Siser
576 1500 741 1577 reddiderat
757 1519 826 1572 eas,

141 1581 246 1664 quibus
263 1579 398 1641 rescribo.
423 1577 473 1640 De
499 1580 594 1641 Servii
616 1582 703 1660 patris
723 1578 826 1638 litteris

144 1659 228 1739 quod
246 1658 361 1732 scribis,
377 1663 473 1733 item,
492 1660 640 1738 Quintum
660 1662 691 1717 in
712 1656 828 1736 Syriam

143 1735 255 1800 venisse
275 1739 356 1818 quod
374 1741 414 1797 ais
433 1738 490 1798 esse
505 1740 556 1818 qui
575 1739 727 1808 nuntient3
742 1757 780 1794 ne
799 1738 830 1795 id

185 1819 264 1881 'dem
280 1839 383 1879 verum
399 1815 448 1878 est.
463 1816 558 1895 Quod
573 1819 726 1878 certiorem
742 1831 772 1876 te
786 1818 830 1876 vis

161 1900 223 1972 eri,
246 1918 307 1979 quo
322 1897 446 1978 quisque
462 1901 491 1956 in
515 1918 564 1958 me
584 1900 684 1957 animo
703 1899 760 1970 sit,
778 1915 830 1958 aut

141 1979 227 2040 fuerit
251 1998 376 2053 eorum,
395 1979 449 2058 qui‘
461 1978 517 2039 huc
532 1995 678 2040 venerunt
694 1998 704 2053 ;
728 1981 829 2041 nemi-

141 2081 210 2122 nem
222 2060 319 2120 alieno
335 2059 482 2120 intellexi:
497 2059 546 2121 sed
558 2065 699 2141 quantum
713 2061 744 2119 id
759 2060 827 2121 meti

140 2145 282 2215 intersit,
310 2138 469 2202 existimare
493 2159 523 2202 te
549 2140 630 2223 posse
653 2141 731 2202 certe
757 2140 828 2204 scio.

140 2223 218 2283 Mihi
243 2242 333 2303 quum
360 2224 459 2282 omnia
482 2222 545 2283 sunt
571 2223 762 2284 intolerabilia
787 2223 826 2284 ad

141 2304 296 2377 dolorem,
312 2319 374 2362 tum
390 2305 517 2366 maximi
532 2304 613 2385 quhd
630 2307 661 2363 in
679 2323 745 2365 eam
759 2307 828 2365 cau·

141 2384 200 2446 sam
225 2382 335 2446 veniffe
357 2404 405 2443 me
423 2384 513 2446 video
532 2429 543 2457 ,
565 2404 598 2444 ut
617 2405 654 2444 ea
670 2383 729 2445 sola
747 2385 827 2447 utilia

142 2468 213 2526 mihi
232 2463 288 2524 esse
307 2464 486 2535 videantur,
532 2485 578 2522 uae
600 2463 713 2546 semper
734 2469 828 2529 nolui.
906 2468 908 2470 ’

143 2546 176 2605 Ρ.
202 2544 358 2606 lentulum
384 2561 496 2623 patrem
552 2546 622 2606 hodi
645 2545 700 2609 esse
723 2550 827 2622 aiunt,

145 2624 327 2686 Alexandriae
354 2623 473 2700 filium;
496 2625 664 2711 Rhodoque
691 2628 828 2690 Alexan-

144 2707 235 2767 driam
254 2705 291 2771 C.
305 2705 440 2768 Carsium
455 2707 619 2790 prosedum
638 2708 694 2772 esse
707 2708 830 2771 constat.

145 2787 275 2867 Quintus
289 2790 361 2850 mihi
375 2803 428 2872 per'
441 2789 550 2853 litteras
562 2790 715 2865 satisfacit,
731 2789 829 2848 multo

143 2870 332 2951 asperioribus
349 2871 475 2946 verbis,
494 2872 584 2955 quim
603 2892 694 2954 quum
715 2868 831 2947 gravis-

145 2953 216 3016 sim'e
230 2950 379 3018 accusabat
388 2955 448 3018 :eit
460 2955 542 3018 enim
556 2952 585 3016 se
600 2971 640 3015 'ex
656 2949 759 3012 litteris
772 2948 834 3012 tuis·
