2125 3784
302 388 366 442 Ao
382 370 595 438 Arrtcvtt
609 367 702 437 Lm.
716 367 785 436 XI.
843 390 884 461 31

189 489 232 552 uti
247 486 363 560 video,
379 504 436 544 nec
452 485 623 559 consilium,
637 482 718 566 quod
733 483 799 562 capi
817 482 886 543 nul·

189 572 256 630 lum
274 563 388 645 potest,
405 561 557 645 exspeli03
573 582 660 646 teque
677 565 776 624 omnia
791 581 887 642 quum

192 643 388 726 superioribus
410 642 481 726 saepe
503 643 631 718 litteris,
658 661 717 706 tum
740 644 886 726 proximis

197 724 317 788 tentasse
335 726 476 806 intelligo.
499 722 562 809 Ego
584 745 651 785 cum
672 721 803 786 Sallustio
824 720 887 783 Ci-

198 826 334 868 ceronem
350 806 387 866 ad
404 803 550 868 Caesarem
570 808 684 866 mittere
706 802 886 887 cogitabam.

196 885 326 948 Tulliam
345 903 441 948 autem
459 908 520 947 non
535 886 674 948 videbam
693 882 750 945 elle
771 883 885 945 causam

193 988 245 1028 cur
256 969 362 1028 diutius
377 987 493 1028 mecum
506 983 589 1026 tanto
602 967 634 1025 in
647 969 796 1026 communi
809 985 885 1024 moe-

189 1069 258 1109 rore
276 1050 452 1108 retinerem:
471 1048 569 1126 itaque
585 1049 774 1119 manicam,
793 1063 885 1137 quum

189 1129 319 1210 primitm
337 1147 390 1208 per
406 1125 499 1208 ipsam
515 1128 640 1200 liceret,
655 1147 735 1188 etam
752 1121 886 1186 remiliu-

189 1229 251 1271 xus.
270 1206 327 1267 Pro
348 1227 407 1280 ea,
427 1226 515 1288 quam
536 1206 573 1266 ad
590 1206 713 1267 modum
732 1204 885 1265 consolan-

191 1291 230 1349 tis
253 1286 384 1368 scripsisti
394 1312 412 1361 ‚1
423 1304 525 1369 putato
539 1307 573 1359 ea
588 1307 637 1349 me
651 1282 807 1367 scripsisse,
822 1304 888 1366 quae

188 1384 223 1428 tu
237 1367 298 1448 ipse
311 1366 628 1450 intelligis·responderi
640 1363 774 1448 potuill'e.
786 1363 885 1446 Quod

193 1446 331 1529 Oppium
351 1468 448 1509 tecum
466 1447 562 1508 scribis
582 1448 733 1523 locutum,
751 1469 812 1508 non
830 1446 884 1506 ab·

191 1528 294 1588 horret
312 1551 329 1587 a
350 1549 417 1590 mea
436 1527 597 1609 suspicione
617 1527 681 1608 ejus
704 1530 815 1589 oratio:
834 1525 885 1586 sed
908 1586 911 1593 ,

193 1627 258 1665 non
272 1607 371 1668 dubito
388 1610 457 1688 quin
472 1607 529 1668 iliis
544 1609 709 1688 persuaderi
724 1608 805 1669 nullo
818 1627 886 1667 mo·

197 1684 238 1744 do
261 1688 378 1765 possit,
398 1707 454 1759 ea,
475 1708 539 1765 quae
560 1687 666 1748 saciant
685 1733 696 1761 ‚
714 1689 786 1746 mihi
807 1708 884 1766 pro-

191 1763 256 1823 bari
282 1761 388 1844 polle;
411 1785 529 1845 quoquo
555 1767 646 1825 modo
669 1767 800 1866 lotpuar:
823 1787 881 1846 ego

191 1860 292 1904 tamen
322 1861 386 1904 utar
408 1845 640 1918 moderatione,
671 1866 728 1940 qua
752 1860 882 1927 potero:

188 1944 369 2005 quamquam
394 1924 464 2004 quid
489 1924 555 1984 meai
584 1927 697 1987 interstt
721 1943 752 1985 ut
777 1945 881 1986 eorum

188 2005 291 2064 odium
319 2003 437 2065 subeam
456 2049 466 2078 ‚
489 2026 551 2065 non
578 2006 721 2088 intelligo.
744 2003 790 2066 Te
808 2005 885 2084 justa

187 2085 273 2144 causi
287 2085 439 2164 impediri,
456 2086 515 2165 quo
525 2087 625 2146 minias
641 2087 677 2146 ad
692 2109 746 2146 nos
760 2089 881 2163 venias,

188 2164 282 2226 video
301 2184 312 2235 ⁰,
331 2166 419 2244 idque
444 2166 514 2226 mihi
536 2167 622 2227 valde
644 2167 750 2227 scilicet
767 2168 880 2230 moles·
905 2201 911 2212 ·

186 2263 252 2305 tum
275 2243 325 2305 ell.
353 2245 438 2306 lllum
458 2247 495 2306 ab
522 2248 697 2308 Alexandria
723 2247 878 2312 discessisse

185 2346 278 2387 nemo
300 2334 434 2400 nuntiat3
453 2326 638 2409 constatque,
656 2348 692 2390 ne
714 2329 877 2409 profeslum

185 2407 309 2487 quidem
326 2408 397 2466 illim
418 2429 593 2490 quemquam
614 2407 679 2490 post
698 2407 766 2471 Idus
788 2410 874 2471 Mar-

183 2490 262 2559 tias;
282 2505 338 2546 nec
357 2486 421 2566 post
441 2487 509 2550 ldus
530 2488 676 2550 Decemb.
697 2491 733 2550 ab
750 2491 801 2553 illo
820 2493 875 2552 da·

186 2582 232 2644 tas
253 2566 326 2626 ullas
347 2566 473 2628 litteras:
490 2589 526 2630 ex
545 2591 603 2650 quo
624 2570 780 2654 intelligis,
800 2571 874 2632 illud

190 2647 228 2705 de
250 2646 350 2706 litteris
371 2671 398 2708 a.
415 2648 442 2710 d.
461 2669 485 2710 v
500 2648 543 2710 Id.
561 2650 645 2713 Febr.
665 2651 773 2734 datio(
790 2651 875 2733 quod

192 2728 279 2785 inane
301 2726 397 2802 esset,
420 2734 506 2790 etiam
525 2734 548 2791 si
567 2754 671 2793 verum
692 2731 761 2793 esset
775 2731 801 2868 pr
814 2751 877 2788 non

192 2827 297 2865 verum
317 2807 381 2868 elle.
407 2809 441 2869 L.
463 2810 634 2872 Terentium
659 2812 773 2873 discessi
797 2830 813 2867 e
837 2829 876 2867 ex

188 2885 287 2948 Africa
307 2886 434 2965 scimus,
457 2890 636 2972 Paestumque
657 2891 783 3028 veltpille:
802 2888 873 2968 quid

720 2992 750 3028 ιν
