2125 3784
247 373 317 450 208
421 370 731 442 Errsrorrr

241 487 356 632 irin
373 487 538 632 ‘rit'srst
548 490 784 646 nasim:
798 482 929 652 bin

241 652 312 711 duas
325 651 505 712 Brundisium
514 647 642 722 venisse,
656 670 712 708 vos
725 651 828 710 omnia
839 651 931 732 priiu:

240 731 345 793 scribes
363 734 469 815 igitur,
480 731 620 814 quidquid
632 728 769 791 audieris.
793 732 931 793 Varronis

239 810 361 885 decimor
379 813 522 894 exspedio.
544 812 610 873 Jam
628 811 722 890 probo
733 816 765 872 ff
783 812 931 889 athesim,

239 893 398 1035 fraesertim
416 917 504 976 quum
529 912 561 954 tu
581 911 733 972 tantopere
758 839 929 955 desedere:

254 975 292 1035 ed
309 978 393 1056 quale
410 978 504 1050 velis,
521 975 613 1037 velim
630 973 710 1034 scire.
731 969 831 1050 Quod
845 974 884 1033 ad
902 990 931 1035 te

240 1059 542 1220 Ἑζῖὲῖἶὲἓὶἓῗέἷ
556 1052 933 1197 5ῗὲἓῖῗὶιὲῐᾶῗέ

241 1217 334 1280 fecisti
354 1242 401 1283 me
419 1222 613 1290 alacriorem,
631 1217 667 1277 ad
686 1231 770 1275 tuum
790 1218 870 1278 enim
882 1213 934 1291 iud

243 1300 370 1375 dicium,
390 1302 471 1384 quod
483 1301 554 1359 mihi
575 1318 638 1360 erat
654 1316 779 1367 notum,
800 1294 936 1358 addidisti

242 1376 368 1441 Peducei
394 1381 593 1443 audoritarem
616 1425 626 1454 ‚
652 1399 789 1462 magnam
814 1378 934 1460 quidem

241 1463 319 1540 apud
344 1482 414 1536 me,
438 1463 518 1523 &in
541 1463 641 1542 primis
663 1479 812 1544 gravem:
843 1460 935 1521 enitar

241 1540 329 1623 igitur
341 1589 351 1615 ,
370 1564 409 1605 ne
421 1543 570 1605 desideres
581 1558 630 1603 aut
639 1539 805 1601 industriam
815 1558 934 1615 meam,

242 1642 292 1685 aut
307 1626 496 1709 diligentiam.
510 1623 675 1686 Vesienum
689 1668 699 1695 ‚
717 1638 749 1682 ut
766 1621 887 1693 scribis,
901 1621 935 1683 δι

240 1701 395 1768 Faberium
418 1708 522 1770 foveo.
549 1706 687 1767 Cioelium
714 1704 786 1763 nihil
812 1704 935 1765 arbitror

177 1784 180 1788 ¹
241 1789 385 1850 malitiose
403 1811 411 1848 t
428 1808 604 1872 quamquam
605 1829 680 1848 .....
701 1785 760 1846 Sed
774 1784 846 1866 quid
859 1804 935 1868 ege·

244 1870 305 1929 rit?
323 1869 373 1930 De
391 1871 523 1932 libertate
541 1867 708 1940 retinenda,
746 1867 781 1926 ui
798 1867 875 1927 cerri
888 1867 936 1926 ni·

242 1947 283 2010 hil
299 1948 340 2009 est
357 1951 492 2022 dulcius,
511 1952 564 2011 tibi
579 1888 821 2011 assentiontitane
842 1944 935 2010 Gallo

243 2026 389 2091 Caninio?
412 2033 563 2091 hominem
583 2051 707 2112 nequam
730 2029 739 2086 ἱ
762 2029 834 2111 quid
854 2030 935 2091 enirn

242 2109 337 2170 dicam
348 2111 425 2171 aliud
438 2112 449 2172 ἓ
464 2111 590 2173 Cautum
604 2110 777 2172 Marcellum
790 2128 800 2182 ;
812 2129 861 2172 me
876 2112 935 2187 sic,

242 2190 293 2252 sed
305 2211 473 2254 nontamen
485 2195 693 2255 cautissimum.
703 2191 845 2274 Longiori
859 2190 936 2271 epis-

241 2273 310 2332 tolae
323 2272 519 2357 superiorique
541 2274 676 2356 respondi
691 2294 698 2332 :
712 2291 788 2333 nunc
805 2272 935 2334 breviori

241 2356 934 2518 dirissimirsbbsffibnie‘i'dffi

242 2516 329 2576 bonae
342 2539 352 2592 ;
373 2521 467 2579 modb
495 2519 650 2582 Balbilium
675 2517 854 2580 incolumem
882 2518 935 2577 vi·-

242 2597 329 2657 deam
350 2644 360 2670 ‚
388 2599 545 2660 subsidium
571 2598 673 2661 nostre
697 2598 860 2660 seneuutis.
883 2596 936 2661 De

242 2676 379 2740 Anniano
398 2682 497 2752 item,
517 2683 597 2760 qubd
618 2702 666 2742 me
688 2680 775 2742 valde
799 2679 934 2741 observat

244 2757 363 2821 Visellia
386 2781 392 2818 :
415 2759 465 2821 sed
492 2764 553 2821 haec
581 2763 700 2843 quidem
726 2762 860 2823 humana·
877 2757 932 2822 De

130 2846 133 2851 '
242 2837 334 2903 Bruto
352 2861 381 2902 te
401 2843 470 2901 nihil
489 2841 559 2904 scire
584 2845 654 2904 dicis
671 2865 679 2902 ι
696 2843 746 2903 sed
759 2842 934 2904 Seliciave·

192 2944 194 2947 ·
242 2924 312 2985 nisse
323 2923 371 2986 M.
382 2920 530 3007 Scaptium
541 2944 552 3001 3
567 2944 693 3008 eumque
705 2947 768 2988 non
778 2926 835 3008 qud
846 2944 937 3007 pum·
