2125 3784
260 359 308 454 96
454 352 826 423 Errsrotae·
919 376 928 387 ·

259 490 339 529 mum
359 466 494 529 Clodia:
513 466 594 545 qubd
617 467 641 527 si
660 483 820 537 neutrum,
842 480 938 529 metuo

259 570 297 610 ne
316 549 449 619 turbem,
464 546 495 605 &
512 546 617 605 irruam
632 549 663 606 in
680 542 820 607 Drusum.
835 542 940 609 lntem·

260 649 364 769 llll-⁵
376 624 636 768 slljlzillssl
651 626 817 766 {issisti
828 670 858 765 ἔῃ
901 692 942 767 tr

261 790 393 849 culattum
406 729 551 925 :³3dess
570 790 649 847 enim
670 786 790 867 potius,
812 786 903 875 quim
914 802 946 849 ut

263 886 323 929 non
341 871 394 928 hac
416 889 439 924 ae
464 882 510 925 ate
528 864 699 926 absolvatur.
717 864 784 947 Ego
795 868 810 940 ‚'
825 887 859 927 ut
875 886 943 929 tem·

265 970 321 1030 pus
340 947 380 1009 ell
403 946 556 1020 nostrum,
576 946 674 1006 locum
694 944 791 1006 lttbeo
814 944 942 1020 trullum,

265 1030 314 1089 ubi
334 1028 443 1089 facilius
467 1025 523 1091 esse
548 1031 678 1106 possim,
698 1026 788 1107 qu'am
813 1026 947 1089 Asluraet

263 1109 314 1171 sed
335 1112 402 1191 quia
420 1111 469 1190 qui
488 1126 604 1179 mecum
622 1107 685 1166 sunt
704 1114 716 1178 (
734 1106 852 1181 credo,
871 1106 945 1189 quud

265 1189 425 1251 ruoestr'tiam
438 1207 533 1249 meam
545 1204 604 1247 non
616 1184 731 1266 serunt)
745 1186 871 1247 domum
883 1208 945 1269 pru·

264 1288 392 1350 pertnt3
413 1273 466 1329 etsi
487 1285 618 1346 poteram
637 1286 810 1341 remanere,
831 1280 945 1340 tanen,

265 1368 297 1409 ut
313 1350 410 1429 scripsi
429 1348 502 1417 tibi,
517 1344 679 1426 proficiscar
697 1347 786 1421 hinc,
805 1368 846 1410 ne
859 1348 945 1411 relic·

265 1445 310 1490 tus
332 1431 439 1489 videar.
457 1427 528 1507 Qui>
549 1426 668 1488 autem?
687 1426 873 1490 Lanuvium?
888 1426 946 1491 Co·

265 1530 321 1569 nor
337 1510 472 1591 equidem
491 1509 520 1565 in
538 1504 754 1581 Tusculanum
772 1506 824 1569 sed
848 1508 948 1571 faciam

266 1606 296 1649 te
314 1587 406 1649 statim
426 1590 587 1651 certiorem.
607 1586 656 1649 Tu
676 1590 784 1649 litteras
800 1588 948 1651 conficiet.

266 1668 409 1753 Equidem
429 1668 601 1747 ‚'credibile
630 1691 691 1729 nott
716 1666 757 1729 est
776 1664 791 1742 ’,
810 1666 949 1750 querimur

268 1750 387 1817 scribam
407 1754 482 1825 die,
521 1753 568 1809 uin
592 1752 678 1809 etiam
701 1746 853 1818 nuffibus:
876 1750 950 1815 ¹nihil
985 1754 989 1765 ‘

268 1837 345 1892 enim
367 1833 469 1893 somni.
496 1771 569 1888 sieri
588 1833 675 1889 etiam
695 1826 777 1891 effeci
791 1827 951 1908 ,epistolam

269 1914 305 1972 ad
324 1911 464 1972 Caesarem
483 1927 493 1978 ;
513 1909 570 1967 tibi·
585 1914 664 1969 enim
688 1908 843 1990 placebat:
863 1930 951 1991 quatu

268 2014 328 2050 uon
352 1990 405 2052 suit
422 1989 529 2049 malum
548 1987 648 2064 scribi,
668 1993 690 2049 si
708 1989 783 2050 sorte
802 1988 832 2049 0'
844 2010 879 2050 us
894 1988 951 2051 esse

269 2088 405 2150 putares:
426 2088 458 2129 ut
473 2069 593 2149 quidem
610 2091 685 2130 nunc
708 2071 774 2145 esi,
793 2072 823 2128 ni
846 2071 864 2129 'l
885 2069 949 2131 salte

270 2148 311 2210 est
332 2148 442 2211 necesse
468 2150 583 2208 mittere
604 2170 613 2221 ;
633 2151 681 2210 sed
702 2151 732 2210 id
755 2149 897 2230 quidem,
915 2164 950 2211 ¹ut

268 2231 320 2290 tibi
336 2231 488 2291 videbitur.
504 2228 618 2288 Mittam
636 2250 732 2291 tamen
749 2232 785 2290 td
801 2246 831 2293 te
852 2250 952 2307 exem·

294 2308 351 2370 lum
368 2310 481 2373 fortasse
493 2306 623 2372 Lanuvio
636 2356 646 2387 ,
657 2314 712 2373 nisi
725 2310 800 2373 forte²
815 2310 952 2373 Romam.

309 2392 328 2453 d
347 2414 407 2454 cras
425 2392 506 2454 scies.
913 2394 916 2401 '

276 2546 279 2551 -
381 2489 542 2573 Crcsuu
575 2512 737 2572 Arrrco
765 2509 852 2593 Suu.

270 2647 298 2689 2.
314 2591 381 2688 Αυ
401 2627 576 2692 Ciceronem
589 2635 627 2690 ita
644 2614 790 2709 scripsisti,
803 2645 838 2689 ut
853 2645 949 2708 neque

267 2707 412 2784 severius,
430 2731 524 2794 neque
541 2711 727 2790 temperatius
743 2705 826 2769 scribi
843 2729 885 2789 12⁰
899 2726 954 2769 ue·

266 2793 320 2863 rit,
335 2810 388 2851 uec
405 2796 518 2935 mafiis,
534 2791 621 2873 quim
632 2789 879 2872 quemadmodum
894 2809 954 2870 ego

266 2872 392 2952 maxime
411 2893 450 2938 ve
470 2893 541 2937 emt
562 2872 784 2956 prudentissime
805 2871 893 2939 etiem
916 2869 954 2942 ad

804 2948 924 3015 Tullios
943 2969 952 3010 t
