<?xml version="1.0" encoding="UTF-8"?>
<!DOCTYPE html PUBLIC "-//W3C//DTD XHTML 1.0 Transitional//EN"
    "http://www.w3.org/TR/xhtml1/DTD/xhtml1-transitional.dtd">
<html xmlns="http://www.w3.org/1999/xhtml" xml:lang="en" lang="en">
 <head>
  <title>
</title>
<meta http-equiv="Content-Type" content="text/html;charset=utf-8" />
  <meta name='ocr-system' content='tesseract 3.04.00' />
  <meta name='ocr-capabilities' content='ocr_page ocr_carea ocr_par ocr_line ocrx_word'/>
</head>
<body>
  <div class='ocr_page' id='page_1' title='image "./mtulliiciceroni02lallgoog/mtulliiciceroni02lallgoog_0333.png"; bbox 0 0 2125 3784; ppageno 0'>
   <div class='ocr_carea' id='block_1_1' title="bbox 316 381 862 473">
    <p class='ocr_par' dir='ltr' id='par_1_1' title="bbox 316 381 862 473">
     <span class='ocr_line' id='line_1_1' title="bbox 316 381 862 473; baseline 0.007 -26"><span class='ocrx_word' id='word_1_1' title='bbox 316 404 370 448; x_wconf 75' lang='lat' dir='ltr'>ur</span> <span class='ocrx_word' id='word_1_2' title='bbox 398 381 719 450; x_wconf 65' lang='lat' dir='ltr'>cornicen»...</span> <span class='ocrx_word' id='word_1_3' title='bbox 803 408 862 473; x_wconf 77' lang='lat'>325</span> 
     </span>
    </p>
   </div>
   <div class='ocr_carea' id='block_1_2' title="bbox 173 482 877 3053">
    <p class='ocr_par' dir='ltr' id='par_1_2' title="bbox 173 482 867 616">
     <span class='ocr_line' id='line_1_2' title="bbox 173 482 867 558; baseline 0.012 -17"><span class='ocrx_word' id='word_1_4' title='bbox 173 482 202 541; x_wconf 88' lang='lat' dir='ltr'>in</span> <span class='ocrx_word' id='word_1_5' title='bbox 217 485 284 540; x_wconf 88' lang='lat' dir='ltr'>libris</span> <span class='ocrx_word' id='word_1_6' title='bbox 298 488 462 544; x_wconf 80' lang='lat' dir='ltr'>Academicis.</span> <span class='ocrx_word' id='word_1_7' title='bbox 478 489 583 556; x_wconf 84' lang='lat' dir='ltr'><strong>Quidam</strong></span> <span class='ocrx_word' id='word_1_8' title='bbox 602 505 724 558; x_wconf 90' lang='lat' dir='ltr'>reponunt</span> <span class='ocrx_word' id='word_1_9' title='bbox 741 493 867 557; x_wconf 79' lang='lat' dir='ltr'>Lucilius,</span> 
     </span>
     <span class='ocr_line' id='line_1_3' title="bbox 175 562 474 616; baseline 0.003 -1"><span class='ocrx_word' id='word_1_10' title='bbox 175 562 219 615; x_wconf 81' lang='lat' dir='ltr'>sed</span> <span class='ocrx_word' id='word_1_11' title='bbox 236 562 320 613; x_wconf 85' lang='lat' dir='ltr'>inritis</span> <span class='ocrx_word' id='word_1_12' title='bbox 340 564 474 616; x_wconf 85' lang='lat' dir='ltr'>codicibus.</span> 
     </span>
    </p>

    <p class='ocr_par' dir='ltr' id='par_1_3' title="bbox 173 637 868 997">
     <span class='ocr_line' id='line_1_4' title="bbox 217 637 866 704; baseline 0.011 -19"><span class='ocrx_word' id='word_1_13' title='bbox 217 651 288 697; x_wconf 86' lang='lat'>125,</span> <span class='ocrx_word' id='word_1_14' title='bbox 309 653 336 687; x_wconf 86' lang='lat'>2.</span> <span class='ocrx_word' id='word_1_15' title='bbox 355 638 449 687; x_wconf 82' lang='lat' dir='ltr'>Statum</span> <span class='ocrx_word' id='word_1_16' title='bbox 467 638 515 703; x_wconf 79' lang='lat' dir='ltr'>jum</span> <span class='ocrx_word' id='word_1_17' title='bbox 538 637 586 702; x_wconf 83' lang='lat' dir='ltr'>jam</span> <span class='ocrx_word' id='word_1_18' title='bbox 611 637 751 689; x_wconf 73' lang='lat' dir='ltr'>dimicaturi.</span> <span class='ocrx_word' id='word_1_19' title='bbox 772 654 797 704; x_wconf 87' lang='lat'>3.</span> <span class='ocrx_word' id='word_1_20' title='bbox 816 641 866 691; x_wconf 84' lang='lat' dir='ltr'>As·</span> 
     </span>
     <span class='ocr_line' id='line_1_5' title="bbox 176 708 867 772; baseline 0.007 -13"><span class='ocrx_word' id='word_1_21' title='bbox 176 708 296 760; x_wconf 78' lang='lat' dir='ltr'>sensionis</span> <span class='ocrx_word' id='word_1_22' title='bbox 312 711 455 760; x_wconf 87' lang='lat' dir='ltr'>retentioni.</span> <span class='ocrx_word' id='word_1_23' title='bbox 474 725 516 772; x_wconf 87' lang='lat'>15.</span> <span class='ocrx_word' id='word_1_24' title='bbox 530 710 609 761; x_wconf 85' lang='lat' dir='ltr'>Libris</span> <span class='ocrx_word' id='word_1_25' title='bbox 625 711 790 765; x_wconf 82' lang='lat' dir='ltr'>Hermodorus</span> <span class='ocrx_word' id='word_1_26' title='bbox 803 732 867 764; x_wconf 74' lang='lat' dir='ltr'>mer·-</span> 
     </span>
     <span class='ocr_line' id='line_1_6' title="bbox 174 781 868 851; baseline 0.007 -18"><span class='ocrx_word' id='word_1_27' title='bbox 174 796 282 833; x_wconf 83' lang='lat' dir='ltr'>eaeuram</span> <span class='ocrx_word' id='word_1_28' title='bbox 302 781 377 848; x_wconf 70' lang='lat' dir='ltr'>fircin</span> <span class='ocrx_word' id='word_1_29' title='bbox 395 799 436 847; x_wconf 90' lang='lat'>17.</span> <span class='ocrx_word' id='word_1_30' title='bbox 456 784 522 834; x_wconf 87' lang='lat' dir='ltr'>Dico</span> <span class='ocrx_word' id='word_1_31' title='bbox 543 817 550 843; x_wconf 92' lang='lat'>,</span> <span class='ocrx_word' id='word_1_32' title='bbox 577 801 702 851; x_wconf 87' lang='lat' dir='ltr'>nuncupo.</span> <span class='ocrx_word' id='word_1_33' title='bbox 727 802 772 837; x_wconf 84' lang='lat'>22.</span> <span class='ocrx_word' id='word_1_34' title='bbox 805 788 868 838; x_wconf 86' lang='lat' dir='ltr'>Non</span> 
     </span>
     <span class='ocr_line' id='line_1_7' title="bbox 175 856 868 925; baseline 0.01 -19"><span class='ocrx_word' id='word_1_35' title='bbox 175 857 315 907; x_wconf 82' lang='lat' dir='ltr'>emendata.</span> <span class='ocrx_word' id='word_1_36' title='bbox 331 869 376 921; x_wconf 83' lang='lat'>23.</span> <span class='ocrx_word' id='word_1_37' title='bbox 393 856 522 908; x_wconf 87' lang='lat' dir='ltr'>Obsoleta.</span> <span class='ocrx_word' id='word_1_38' title='bbox 536 871 581 919; x_wconf 90' lang='lat'>24.</span> <span class='ocrx_word' id='word_1_39' title='bbox 599 859 627 908; x_wconf 90' lang='lat' dir='ltr'>ln</span> <span class='ocrx_word' id='word_1_40' title='bbox 643 860 722 925; x_wconf 84' lang='lat' dir='ltr'>parvis</span> <span class='ocrx_word' id='word_1_41' title='bbox 736 862 807 912; x_wconf 84' lang='lat' dir='ltr'>rebus</span> <span class='ocrx_word' id='word_1_42' title='bbox 817 861 868 913; x_wconf 85' lang='lat' dir='ltr'>liu·</span> 
     </span>
     <span class='ocr_line' id='line_1_8' title="bbox 173 928 453 997; baseline 0.007 -18"><span class='ocrx_word' id='word_1_43' title='bbox 173 928 211 981; x_wconf 86' lang='lat' dir='ltr'>&#39;dii</span> <span class='ocrx_word' id='word_1_44' title='bbox 226 931 330 979; x_wconf 91' lang='lat' dir='ltr'>multum</span> <span class='ocrx_word' id='word_1_45' title='bbox 350 946 453 997; x_wconf 89' lang='lat' dir='ltr'>ponere.</span> 
     </span>
    </p>

    <p class='ocr_par' dir='ltr' id='par_1_4' title="bbox 216 1000 866 1074">
     <span class='ocr_line' id='line_1_9' title="bbox 216 1000 866 1074; baseline 0.012 -21"><span class='ocrx_word' id='word_1_46' title='bbox 216 1000 269 1053; x_wconf 87' lang='lat'>126</span> <span class='ocrx_word' id='word_1_47' title='bbox 285 1035 294 1058; x_wconf 85' lang='lat'>.</span> <span class='ocrx_word' id='word_1_48' title='bbox 315 1017 359 1055; x_wconf 85' lang='lat'>21.</span> <span class='ocrx_word' id='word_1_49' title='bbox 378 1001 483 1053; x_wconf 70' lang='lat' dir='ltr'>Placide.</span> <span class='ocrx_word' id='word_1_50' title='bbox 498 1003 542 1053; x_wconf 83' lang='lat'>28.</span> <span class='ocrx_word' id='word_1_51' title='bbox 557 1005 695 1065; x_wconf 76' lang='lat' dir='ltr'>Nobilior,</span> <span class='ocrx_word' id='word_1_52' title='bbox 713 1007 866 1074; x_wconf 83' lang='lat' dir='ltr'>generosior.</span> 
     </span>
    </p>

    <p class='ocr_par' dir='ltr' id='par_1_5' title="bbox 179 1075 867 1199">
     <span class='ocr_line' id='line_1_10' title="bbox 215 1075 867 1148; baseline 0.009 -23"><span class='ocrx_word' id='word_1_53' title='bbox 215 1090 266 1139; x_wconf 84' lang='lat'>127</span> <span class='ocrx_word' id='word_1_54' title='bbox 279 1108 288 1134; x_wconf 87' lang='lat'>,</span> <span class='ocrx_word' id='word_1_55' title='bbox 303 1092 331 1140; x_wconf 85' lang='lat'>7.</span> <span class='ocrx_word' id='word_1_56' title='bbox 344 1075 521 1128; x_wconf 75' lang='lat' dir='ltr'>Libentissime.</span> <span class='ocrx_word' id='word_1_57' title='bbox 538 1092 580 1128; x_wconf 84' lang='lat' dir='ltr'>to.</span> <span class='ocrx_word' id='word_1_58' title='bbox 591 1079 691 1148; x_wconf 82' lang='lat' dir='ltr'>Singula</span> <span class='ocrx_word' id='word_1_59' title='bbox 702 1097 804 1146; x_wconf 86' lang='lat' dir='ltr'>quaeque</span> <span class='ocrx_word' id='word_1_60' title='bbox 814 1098 867 1147; x_wconf 83' lang='lat' dir='ltr'>par·</span> 
     </span>
     <span class='ocr_line' id='line_1_11' title="bbox 179 1146 308 1199; baseline -0.016 0"><span class='ocrx_word' id='word_1_61' title='bbox 179 1146 308 1199; x_wconf 78' lang='lat' dir='ltr'>ticularim.</span> 
     </span>
    </p>

    <p class='ocr_par' dir='ltr' id='par_1_6' title="bbox 181 1220 868 1346">
     <span class='ocr_line' id='line_1_12' title="bbox 219 1220 868 1284; baseline 0.006 -12"><span class='ocrx_word' id='word_1_62' title='bbox 219 1222 292 1284; x_wconf 85' lang='lat'>128,</span> <span class='ocrx_word' id='word_1_63' title='bbox 309 1222 335 1274; x_wconf 88' lang='lat'>8.</span> <span class='ocrx_word' id='word_1_64' title='bbox 353 1220 508 1275; x_wconf 65' lang='lat' dir='ltr'>probabilem</span> <span class='ocrx_word' id='word_1_65' title='bbox 523 1225 729 1277; x_wconf 79' lang='lat' dir='ltr'>convenientiam.</span> <span class='ocrx_word' id='word_1_66' title='bbox 748 1225 792 1277; x_wconf 81' lang='lat'>28.</span> <span class='ocrx_word' id='word_1_67' title='bbox 807 1243 868 1278; x_wconf 89' lang='lat' dir='ltr'>con·</span> 
     </span>
     <span class='ocr_line' id='line_1_13' title="bbox 181 1292 271 1346; baseline -0.011 0"><span class='ocrx_word' id='word_1_68' title='bbox 181 1292 271 1346; x_wconf 67' lang='lat' dir='ltr'>vibius.</span> 
     </span>
    </p>

    <p class='ocr_par' dir='ltr' id='par_1_7' title="bbox 179 1368 870 1657">
     <span class='ocr_line' id='line_1_14' title="bbox 219 1368 865 1438; baseline 0.003 -17"><span class='ocrx_word' id='word_1_69' title='bbox 219 1382 290 1434; x_wconf 84' lang='lat'>129,</span> <span class='ocrx_word' id='word_1_70' title='bbox 313 1384 336 1420; x_wconf 89' lang='grc'>1.</span> <span class='ocrx_word' id='word_1_71' title='bbox 354 1368 447 1438; x_wconf 70' lang='lat' dir='ltr'>Defieri</span> <span class='ocrx_word' id='word_1_72' title='bbox 463 1403 471 1429; x_wconf 93' lang='lat'>,</span> <span class='ocrx_word' id='word_1_73' title='bbox 489 1383 531 1421; x_wconf 80' lang='lat' dir='ltr'>aut</span> <span class='ocrx_word' id='word_1_74' title='bbox 550 1370 640 1437; x_wconf 65' lang='lat' dir='ltr'>desedi.</span> <span class='ocrx_word' id='word_1_75' title='bbox 660 1372 685 1421; x_wconf 89' lang='lat' dir='ltr'>h.</span> <span class='ocrx_word' id='word_1_76' title='bbox 708 1389 733 1422; x_wconf 87' lang='lat' dir='ltr'>e.</span> <span class='ocrx_word' id='word_1_77' title='bbox 751 1372 865 1424; x_wconf 83' lang='lat' dir='ltr'>absoluti.</span> 
     </span>
     <span class='ocr_line' id='line_1_15' title="bbox 180 1441 867 1513; baseline 0.001 -18"><span class='ocrx_word' id='word_1_78' title='bbox 180 1442 219 1495; x_wconf 79' lang='lat' dir='ltr'>ite</span> <span class='ocrx_word' id='word_1_79' title='bbox 246 1441 356 1493; x_wconf 87' lang='lat' dir='ltr'>codices.</span> <span class='ocrx_word' id='word_1_80' title='bbox 380 1444 447 1494; x_wconf 86' lang='lat' dir='ltr'>Frid.</span> <span class='ocrx_word' id='word_1_81' title='bbox 472 1442 615 1494; x_wconf 82' lang='lat' dir='ltr'>Gronovius</span> <span class='ocrx_word' id='word_1_82' title='bbox 638 1447 729 1496; x_wconf 82' lang='lat' dir='ltr'>mavult</span> <span class='ocrx_word' id='word_1_83' title='bbox 755 1444 867 1513; x_wconf 71' lang='lat' dir='ltr'>adsedi,</span> 
     </span>
     <span class='ocr_line' id='line_1_16' title="bbox 179 1514 870 1582; baseline 0.003 -14"><span class='ocrx_word' id='word_1_84' title='bbox 179 1514 199 1568; x_wconf 84' lang='lat' dir='ltr'>i.</span> <span class='ocrx_word' id='word_1_85' title='bbox 215 1533 242 1568; x_wconf 86' lang='lat' dir='ltr'>e.</span> <span class='ocrx_word' id='word_1_86' title='bbox 259 1514 352 1568; x_wconf 79' lang='lat' dir='ltr'>tanttim</span> <span class='ocrx_word' id='word_1_87' title='bbox 364 1534 414 1567; x_wconf 90' lang='lat' dir='ltr'>non</span> <span class='ocrx_word' id='word_1_88' title='bbox 429 1518 541 1582; x_wconf 67' lang='lat' dir='ltr'>perfeeti.</span> <span class='ocrx_word' id='word_1_89' title='bbox 560 1518 687 1570; x_wconf 85' lang='lat' dir='ltr'>Lambinus</span> <span class='ocrx_word' id='word_1_90' title='bbox 701 1521 808 1580; x_wconf 78' lang='lat' dir='ltr'>detexti,</span> <span class='ocrx_word' id='word_1_91' title='bbox 824 1519 870 1570; x_wconf 85' lang='lat' dir='ltr'>Er·</span> 
     </span>
     <span class='ocr_line' id='line_1_17' title="bbox 180 1586 474 1657; baseline 0 -16"><span class='ocrx_word' id='word_1_92' title='bbox 180 1588 259 1641; x_wconf 73' lang='lat' dir='ltr'>neilus</span> <span class='ocrx_word' id='word_1_93' title='bbox 275 1586 337 1641; x_wconf 82' lang='lat' dir='ltr'>verri</span> <span class='ocrx_word' id='word_1_94' title='bbox 354 1587 474 1657; x_wconf 78' lang='lat' dir='ltr'>descripti.</span> 
     </span>
    </p>

    <p class='ocr_par' dir='ltr' id='par_1_8' title="bbox 179 1663 871 1951">
     <span class='ocr_line' id='line_1_18' title="bbox 215 1663 869 1732; baseline 0 -17"><span class='ocrx_word' id='word_1_95' title='bbox 215 1664 281 1715; x_wconf 83' lang='lat' dir='ltr'>ibid.</span> <span class='ocrx_word' id='word_1_96' title='bbox 299 1681 327 1729; x_wconf 85' lang='lat'>7.</span> <span class='ocrx_word' id='word_1_97' title='bbox 342 1663 496 1715; x_wconf 83' lang='lat' dir='ltr'>Reteneione.</span> <span class='ocrx_word' id='word_1_98' title='bbox 519 1664 557 1714; x_wconf 77' lang='lat' dir='ltr'>Ex</span> <span class='ocrx_word' id='word_1_99' title='bbox 577 1663 633 1732; x_wconf 82' lang='lat' dir='ltr'>lege</span> <span class='ocrx_word' id='word_1_100' title='bbox 657 1664 757 1716; x_wconf 84' lang='lat' dir='ltr'>Cael&#39;aris</span> <span class='ocrx_word' id='word_1_101' title='bbox 779 1665 869 1715; x_wconf 78' lang='lat' dir='ltr'>licebat</span> 
     </span>
     <span class='ocr_line' id='line_1_19' title="bbox 179 1736 869 1796; baseline 0 -8"><span class='ocrx_word' id='word_1_102' title='bbox 179 1736 331 1788; x_wconf 79' lang='lat' dir='ltr'>debitoribus</span> <span class='ocrx_word' id='word_1_103' title='bbox 351 1736 445 1788; x_wconf 74' lang='lat' dir='ltr'>soluere</span> <span class='ocrx_word' id='word_1_104' title='bbox 462 1737 639 1796; x_wconf 74' lang='lat' dir='ltr'>aestimatione,</span> <span class='ocrx_word' id='word_1_105' title='bbox 659 1738 820 1788; x_wconf 85' lang='lat' dir='ltr'>&amp;deducere</span> <span class='ocrx_word' id='word_1_106' title='bbox 838 1739 869 1788; x_wconf 83' lang='lat' dir='ltr'>de</span> 
     </span>
     <span class='ocr_line' id='line_1_20' title="bbox 180 1810 871 1879; baseline -0.004 -18"><span class='ocrx_word' id='word_1_107' title='bbox 180 1810 247 1863; x_wconf 76' lang='lat' dir='ltr'>forte</span> <span class='ocrx_word' id='word_1_108' title='bbox 262 1845 270 1871; x_wconf 86' lang='lat'>‚</span> <span class='ocrx_word' id='word_1_109' title='bbox 290 1810 356 1879; x_wconf 88' lang='lat' dir='ltr'>quod</span> <span class='ocrx_word' id='word_1_110' title='bbox 366 1811 390 1860; x_wconf 92' lang='lat' dir='ltr'>in</span> <span class='ocrx_word' id='word_1_111' title='bbox 400 1811 482 1861; x_wconf 79' lang='lat' dir='ltr'>usuras</span> <span class='ocrx_word' id='word_1_112' title='bbox 492 1811 597 1860; x_wconf 88' lang='lat' dir='ltr'>solutum</span> <span class='ocrx_word' id='word_1_113' title='bbox 608 1823 679 1869; x_wconf 81' lang='lat' dir='ltr'>erat,</span> <span class='ocrx_word' id='word_1_114' title='bbox 695 1811 727 1861; x_wconf 87' lang='lat' dir='ltr'>ita</span> <span class='ocrx_word' id='word_1_115' title='bbox 745 1822 771 1862; x_wconf 90' lang='lat' dir='ltr'>ut</span> <span class='ocrx_word' id='word_1_116' title='bbox 786 1823 871 1877; x_wconf 85' lang='lat' dir='ltr'>quarta</span> 
     </span>
     <span class='ocr_line' id='line_1_21' title="bbox 181 1883 445 1951; baseline -0.008 -17"><span class='ocrx_word' id='word_1_117' title='bbox 181 1900 236 1950; x_wconf 75' lang='lat' dir='ltr'>pars</span> <span class='ocrx_word' id='word_1_118' title='bbox 250 1885 328 1935; x_wconf 88' lang='lat' dir='ltr'>debiti</span> <span class='ocrx_word' id='word_1_119' title='bbox 344 1883 445 1951; x_wconf 86' lang='lat' dir='ltr'>periret.</span> 
     </span>
    </p>

    <p class='ocr_par' dir='ltr' id='par_1_9' title="bbox 217 1956 723 2022">
     <span class='ocr_line' id='line_1_22' title="bbox 217 1956 723 2022; baseline -0.002 -14"><span class='ocrx_word' id='word_1_120' title='bbox 217 1958 282 2009; x_wconf 85' lang='lat' dir='ltr'>lbid.</span> <span class='ocrx_word' id='word_1_121' title='bbox 297 1972 324 2022; x_wconf 92' lang='lat'>9.</span> <span class='ocrx_word' id='word_1_122' title='bbox 340 1957 396 2022; x_wconf 73' lang='lat' dir='ltr'>Qui</span> <span class='ocrx_word' id='word_1_123' title='bbox 411 1956 603 2007; x_wconf 71' lang='lat' dir='ltr'>commodissimi</span> <span class='ocrx_word' id='word_1_124' title='bbox 619 1957 723 2007; x_wconf 84' lang='lat' dir='ltr'>ratione.</span> 
     </span>
    </p>

    <p class='ocr_par' dir='ltr' id='par_1_10' title="bbox 180 2030 872 2171">
     <span class='ocr_line' id='line_1_23' title="bbox 221 2030 872 2096; baseline -0.005 -14"><span class='ocrx_word' id='word_1_125' title='bbox 221 2044 298 2095; x_wconf 84' lang='lat'>130,</span> <span class='ocrx_word' id='word_1_126' title='bbox 318 2045 343 2096; x_wconf 85' lang='lat'>3.</span> <span class='ocrx_word' id='word_1_127' title='bbox 361 2031 441 2082; x_wconf 86' lang='lat' dir='ltr'>Pelliti</span> <span class='ocrx_word' id='word_1_128' title='bbox 459 2031 530 2088; x_wconf 84' lang='lat' dir='ltr'>libri,</span> <span class='ocrx_word' id='word_1_129' title='bbox 548 2032 602 2096; x_wconf 80' lang='lat' dir='ltr'>quin</span> <span class='ocrx_word' id='word_1_130' title='bbox 618 2030 760 2081; x_wconf 82' lang='lat' dir='ltr'>membranis</span> <span class='ocrx_word' id='word_1_131' title='bbox 776 2030 801 2081; x_wconf 76' lang='grc'>81</span> <span class='ocrx_word' id='word_1_132' title='bbox 819 2031 872 2096; x_wconf 87' lang='lat' dir='ltr'>pei-</span> 
     </span>
     <span class='ocr_line' id='line_1_24' title="bbox 180 2103 749 2171; baseline -0.004 -15"><span class='ocrx_word' id='word_1_133' title='bbox 180 2104 245 2156; x_wconf 88' lang='lat' dir='ltr'>libus</span> <span class='ocrx_word' id='word_1_134' title='bbox 263 2118 440 2171; x_wconf 86' lang='lat' dir='ltr'>conteguntur.</span> <span class='ocrx_word' id='word_1_135' title='bbox 457 2118 481 2165; x_wconf 87' lang='lat'>5.</span> <span class='ocrx_word' id='word_1_136' title='bbox 499 2104 599 2154; x_wconf 86' lang='lat' dir='ltr'>Vereor</span> <span class='ocrx_word' id='word_1_137' title='bbox 615 2103 749 2169; x_wconf 78' lang='lat' dir='ltr'>Troianos.</span> 
     </span>
    </p>

    <p class='ocr_par' dir='ltr' id='par_1_11' title="bbox 182 2176 875 2303">
     <span class='ocr_line' id='line_1_25' title="bbox 216 2176 875 2245; baseline 0 -17"><span class='ocrx_word' id='word_1_138' title='bbox 216 2176 362 2242; x_wconf 83' lang='lat' dir='ltr'>lbid.7.1u</span> <span class='ocrx_word' id='word_1_139' title='bbox 376 2177 476 2227; x_wconf 81' lang='lat' dir='ltr'>alteram</span> <span class='ocrx_word' id='word_1_140' title='bbox 490 2193 577 2226; x_wconf 82' lang='lat' dir='ltr'>aurem.</span> <span class='ocrx_word' id='word_1_141' title='bbox 589 2178 680 2245; x_wconf 83' lang='lat' dir='ltr'>Supple</span> <span class='ocrx_word' id='word_1_142' title='bbox 692 2177 788 2228; x_wconf 91' lang='lat' dir='ltr'>dormio</span> <span class='ocrx_word' id='word_1_143' title='bbox 801 2211 809 2237; x_wconf 93' lang='lat'>,</span> <span class='ocrx_word' id='word_1_144' title='bbox 821 2177 836 2228; x_wconf 84' lang='lat' dir='ltr'>i.</span> <span class='ocrx_word' id='word_1_145' title='bbox 847 2194 875 2228; x_wconf 84' lang='lat' dir='ltr'>e.</span> 
     </span>
     <span class='ocr_line' id='line_1_26' title="bbox 182 2250 424 2303; baseline -0.012 -1"><span class='ocrx_word' id='word_1_146' title='bbox 182 2250 263 2303; x_wconf 72' lang='lat' dir='ltr'>securi</span> <span class='ocrx_word' id='word_1_147' title='bbox 277 2252 350 2301; x_wconf 75' lang='lat' dir='ltr'>enimi</span> <span class='ocrx_word' id='word_1_148' title='bbox 366 2251 424 2300; x_wconf 92' lang='lat' dir='ltr'>sum.</span> 
     </span>
    </p>

    <p class='ocr_par' dir='ltr' id='par_1_12' title="bbox 218 2322 505 2389">
     <span class='ocr_line' id='line_1_27' title="bbox 218 2322 505 2389; baseline -0.014 -14"><span class='ocrx_word' id='word_1_149' title='bbox 218 2324 283 2375; x_wconf 87' lang='lat' dir='ltr'>lbid.</span> <span class='ocrx_word' id='word_1_150' title='bbox 305 2338 347 2389; x_wconf 81' lang='lat'>19.</span> <span class='ocrx_word' id='word_1_151' title='bbox 363 2322 505 2374; x_wconf 87' lang='lat' dir='ltr'>Obscurior.</span> 
     </span>
    </p>

    <p class='ocr_par' dir='ltr' id='par_1_13' title="bbox 183 2395 869 2530">
     <span class='ocr_line' id='line_1_28' title="bbox 222 2395 869 2463; baseline -0.003 -14"><span class='ocrx_word' id='word_1_152' title='bbox 222 2412 295 2463; x_wconf 80' lang='lat'>131,</span> <span class='ocrx_word' id='word_1_153' title='bbox 313 2412 340 2462; x_wconf 85' lang='lat'>9.</span> <span class='ocrx_word' id='word_1_154' title='bbox 355 2399 496 2449; x_wconf 88' lang='lat' dir='ltr'>Vehemens</span> <span class='ocrx_word' id='word_1_155' title='bbox 516 2395 573 2452; x_wconf 86' lang='lat' dir='ltr'>vir,</span> <span class='ocrx_word' id='word_1_156' title='bbox 591 2395 617 2444; x_wconf 80' lang='grc' dir='ltr'>δι</span> <span class='ocrx_word' id='word_1_157' title='bbox 637 2395 677 2461; x_wconf 92' lang='lat' dir='ltr'>qui</span> <span class='ocrx_word' id='word_1_158' title='bbox 696 2396 735 2445; x_wconf 85' lang='lat' dir='ltr'>vel</span> <span class='ocrx_word' id='word_1_159' title='bbox 752 2395 869 2447; x_wconf 85' lang='lat' dir='ltr'>insontem</span> 
     </span>
     <span class='ocr_line' id='line_1_29' title="bbox 183 2462 603 2530; baseline -0.017 -7"><span class='ocrx_word' id='word_1_160' title='bbox 183 2471 300 2523; x_wconf 70' lang='lat' dir='ltr'>accusare</span> <span class='ocrx_word' id='word_1_161' title='bbox 320 2472 417 2522; x_wconf 78' lang='lat' dir='ltr'>audeat.</span> <span class='ocrx_word' id='word_1_162' title='bbox 439 2471 477 2521; x_wconf 88' lang='lat' dir='ltr'>lli.</span> <span class='ocrx_word' id='word_1_163' title='bbox 493 2462 519 2522; x_wconf 74' lang='grc' dir='ltr'>λ’</span> <span class='ocrx_word' id='word_1_164' title='bbox 539 2471 570 2528; x_wconf 85' lang='lat'>65</span> <span class='ocrx_word' id='word_1_165' title='bbox 577 2481 603 2530; x_wconf 80' lang='lat'>3.</span> 
     </span>
    </p>

    <p class='ocr_par' dir='ltr' id='par_1_14' title="bbox 182 2543 871 2685">
     <span class='ocr_line' id='line_1_30' title="bbox 219 2543 871 2612; baseline -0.002 -17"><span class='ocrx_word' id='word_1_166' title='bbox 219 2544 284 2595; x_wconf 90' lang='lat' dir='ltr'>lbid.</span> <span class='ocrx_word' id='word_1_167' title='bbox 302 2544 345 2596; x_wconf 88' lang='lat'>26.</span> <span class='ocrx_word' id='word_1_168' title='bbox 365 2544 446 2612; x_wconf 86' lang='lat' dir='ltr'>Opus.</span> <span class='ocrx_word' id='word_1_169' title='bbox 462 2562 508 2609; x_wconf 89' lang='lat'>27.</span> <span class='ocrx_word' id='word_1_170' title='bbox 520 2545 660 2594; x_wconf 90' lang='lat' dir='ltr'>Verborum</span> <span class='ocrx_word' id='word_1_171' title='bbox 675 2543 871 2609; x_wconf 85' lang='lat' dir='ltr'>comprehensio·</span> 
     </span>
     <span class='ocr_line' id='line_1_31' title="bbox 182 2618 389 2685; baseline 0 -16"><span class='ocrx_word' id='word_1_172' title='bbox 182 2632 246 2678; x_wconf 73' lang='lat' dir='ltr'>nes,</span> <span class='ocrx_word' id='word_1_173' title='bbox 263 2618 389 2685; x_wconf 81' lang='lat' dir='ltr'>periodos.</span> 
     </span>
    </p>

    <p class='ocr_par' dir='ltr' id='par_1_15' title="bbox 185 2686 873 2981">
     <span class='ocr_line' id='line_1_32' title="bbox 223 2686 872 2759; baseline -0.009 -17"><span class='ocrx_word' id='word_1_174' title='bbox 223 2705 293 2756; x_wconf 80' lang='lat'>132,</span> <span class='ocrx_word' id='word_1_175' title='bbox 313 2707 340 2742; x_wconf 89' lang='lat'>2.</span> <span class='ocrx_word' id='word_1_176' title='bbox 358 2689 462 2742; x_wconf 82' lang='lat' dir='ltr'>Gentilis</span> <span class='ocrx_word' id='word_1_177' title='bbox 478 2707 539 2742; x_wconf 85' lang='lat' dir='ltr'>tuus.</span> <span class='ocrx_word' id='word_1_178' title='bbox 558 2691 596 2741; x_wconf 84' lang='lat' dir='ltr'>Ex</span> <span class='ocrx_word' id='word_1_179' title='bbox 613 2702 778 2759; x_wconf 85' lang='lat' dir='ltr'>cognomento</span> <span class='ocrx_word' id='word_1_180' title='bbox 794 2686 872 2737; x_wconf 82' lang='lat' dir='ltr'>Attici</span> 
     </span>
     <span class='ocr_line' id='line_1_33' title="bbox 185 2759 873 2833; baseline -0.007 -19"><span class='ocrx_word' id='word_1_181' title='bbox 185 2765 295 2833; x_wconf 69' lang='lat' dir='ltr'>gentilem</span> <span class='ocrx_word' id='word_1_182' title='bbox 314 2765 389 2831; x_wconf 89' lang='lat' dir='ltr'>ipsius</span> <span class='ocrx_word' id='word_1_183' title='bbox 411 2766 516 2833; x_wconf 81' lang='lat' dir='ltr'>appellat</span> <span class='ocrx_word' id='word_1_184' title='bbox 539 2765 652 2816; x_wconf 81' lang='lat' dir='ltr'>Graecum</span> <span class='ocrx_word' id='word_1_185' title='bbox 672 2765 774 2827; x_wconf 83' lang='lat' dir='ltr'>aliquem</span> <span class='ocrx_word' id='word_1_186' title='bbox 794 2759 873 2809; x_wconf 85' lang='lat' dir='ltr'>urchi-</span> 
     </span>
     <span class='ocr_line' id='line_1_34' title="bbox 188 2833 872 2906; baseline -0.01 -17"><span class='ocrx_word' id='word_1_187' title='bbox 188 2838 302 2898; x_wconf 70' lang='lat' dir='ltr'>teilum,</span> <span class='ocrx_word' id='word_1_188' title='bbox 327 2838 397 2906; x_wconf 77' lang='lat' dir='ltr'>eujus</span> <span class='ocrx_word' id='word_1_189' title='bbox 422 2840 524 2889; x_wconf 87' lang='lat' dir='ltr'>consilio</span> <span class='ocrx_word' id='word_1_190' title='bbox 546 2840 572 2890; x_wconf 86' lang='lat'>&amp;</span> <span class='ocrx_word' id='word_1_191' title='bbox 595 2835 669 2902; x_wconf 78' lang='lat' dir='ltr'>operi</span> <span class='ocrx_word' id='word_1_192' title='bbox 688 2834 770 2884; x_wconf 70' lang='lat' dir='ltr'>Caesar</span> <span class='ocrx_word' id='word_1_193' title='bbox 788 2833 872 2882; x_wconf 89' lang='lat' dir='ltr'>urbem</span> 
     </span>
     <span class='ocr_line' id='line_1_35' title="bbox 189 2913 567 2981; baseline 0 -20"><span class='ocrx_word' id='word_1_194' title='bbox 189 2914 311 2979; x_wconf 73' lang='lat' dir='ltr'>augebat,</span> <span class='ocrx_word' id='word_1_195' title='bbox 325 2915 422 2979; x_wconf 81' lang='lat' dir='ltr'>prolato</span> <span class='ocrx_word' id='word_1_196' title='bbox 437 2913 567 2981; x_wconf 87' lang='lat' dir='ltr'>pomoerio.</span> 
     </span>
    </p>

    <p class='ocr_par' dir='ltr' id='par_1_16' title="bbox 223 2976 877 3053">
     <span class='ocr_line' id='line_1_36' title="bbox 223 2976 877 3053; baseline -0.006 -15"><span class='ocrx_word' id='word_1_197' title='bbox 223 2984 286 3042; x_wconf 84' lang='lat' dir='ltr'>lbid.</span> <span class='ocrx_word' id='word_1_198' title='bbox 305 3000 347 3053; x_wconf 80' lang='grc'>19.</span> <span class='ocrx_word' id='word_1_199' title='bbox 367 2988 423 3041; x_wconf 80' lang='lat' dir='ltr'>Cum</span> <span class='ocrx_word' id='word_1_200' title='bbox 439 2985 579 3039; x_wconf 76' lang='lat' dir='ltr'>Publilio...</span> <span class='ocrx_word' id='word_1_201' title='bbox 593 2978 713 3053; x_wconf 74' lang='lat' dir='ltr'>eonficias.</span> <span class='ocrx_word' id='word_1_202' title='bbox 724 2979 765 3033; x_wconf 82' lang='lat' dir='ltr'>De</span> <span class='ocrx_word' id='word_1_203' title='bbox 782 2976 877 3033; x_wconf 74' lang='lat' dir='ltr'>sorotis</span> 
     </span>
    </p>
   </div>
   <div class='ocr_carea' id='block_1_3' title="bbox 0 0 1081 3784">
    <p class='ocr_par' dir='ltr' id='par_1_17' title="bbox 0 0 1081 3784">
     <span class='ocr_line' id='line_1_37' title="bbox 0 0 1081 3784; baseline 0 0"><span class='ocrx_word' id='word_1_204' title='bbox 0 0 1081 3784; x_wconf 95' lang='lat' dir='ltr'> </span> 
     </span>
    </p>
   </div>
  </div>
 </body>
</html>
