2125 3784
231 373 294 424 nu
312 355 520 423 Arrrcurr
539 355 629 425 ΗΒ.
646 354 741 430 XII.
773 373 817 456 45

248 486 412 549 Cicutio
439 484 596 549 Art-teo
622 489 705 554 Sit.
744 500 746 507 '

136 570 319 688 3.UttuM
336 596 450 687 reputo
469 607 565 667 minlts
581 607 719 668 blandum
737 606 822 681 effe}

136 689 227 768 quim
242 704 308 758 me;
329 685 377 760 ἃ,
392 687 416 747 si
430 703 551 768 uterque
568 685 697 747 nostnim
708 686 748 748 est
762 691 821 751 ali-

139 767 255 849 quando
268 765 404 827 adversus
417 767 563 847 aliquem,
580 771 655 829 inter
673 789 729 829 nos
742 768 821 831 certi

137 867 294 930 numquam
303 845 409 909 sumus.
420 847 500 907 Audi
510 849 595 942 igitur
607 868 655 908 me
667 849 724 908 hoc
735 856 820 920 ἱγη·

135 927 234 995 rw‘m
253 928 423 994 dicentem:
446 946 485 987 ne
504 950 624 1003 vivam,
638 931 680 988 mi
694 926 793 988 Attice
810 971 821 1002 ,

134 1009 160 1068 si
177 1009 250 1068 mihi
266 1024 326 1069 non
342 1007 435 1066 modo
450 1005 668 1081 Tusculanum,
681 1010 820 1070 ubicere·

133 1090 223 1169 toqui
230 1086 298 1148 ,sum
313 1087 458 1160 libenter,
473 1086 523 1147 sed
532 1093 655 1164 precipue
668 1098 736 1154 trien
747 1090 821 1149 tanti

133 1167 230 1241 sunt,
255 1185 287 1228 ut
305 1170 367 1227 sine
389 1167 496 1227 resim
518 1183 597 1227 totos
617 1165 692 1226 dies.
716 1164 821 1244 Quare

135 1248 298 1311 obduretur
311 1247 369 1308 hoe
381 1247 526 1320 triduum3
540 1262 572 1306 ut
586 1262 616 1305 re
632 1265 750 1327 quoque
767 1266 824 1327 po·

134 1348 207 1388 nam
225 1330 256 1388 in
276 1329 386 1389 eodem
405 1331 498 1399 edri:
564 1326 603 1386 od
623 1327 664 1387 ita
686 1324 727 1387 etl
745 1346 822 1406 pro·

136 1404 226 1469 feno.
244 1408 301 1470 Sed
318 1409 410 1470 velim
424 1405 517 1479 scire,
554 1405 660 1467 odiene
673 1405 766 1467 statim
783 1405 822 1466 de

138 1487 272 1548 auiiione
292 1532 301 1561 ,
323 1505 372 1548 aut
397 1507 458 1568 quo
480 1486 529 1547 die
549 1488 662 1548 venias.
685 1485 750 1570 Ego
773 1505 823 1552 me

140 1567 256 1625 interea
267 1587 331 1625 cum
341 1568 446 1626 libellis
458 1587 466 1624 :
480 1587 514 1625 ac
528 1565 648 1625 moleste
662 1565 725 1627 fero
738 1565 823 1626 Ven-

141 1645 230 1704 nonii
248 1664 296 1703 me
312 1643 457 1704 historiam
479 1664 542 1705 nou
558 1644 675 1704 habere.
700 1643 759 1706 Sed
775 1659 824 1703 ta·

138 1743 215 1787 men
239 1743 278 1785 ne
302 1724 373 1784 nihil
391 1724 428 1784 de
445 1741 477 1782 te
496 1764 507 1794 ,
526 1739 637 1781 nomen
656 1723 728 1783 illud
746 1724 826 1802 quod

137 1826 157 1866 a
181 1802 325 1877 Caesare,
349 1823 406 1865 tres
426 1801 517 1862 habet
541 1801 754 1877 conditiones,
779 1819 829 1864 aut

138 1886 321 1966 emptionem
336 1884 373 1944 ab
387 1879 463 1942 hasta
476 1879 492 1964 (
503 1881 629 1961 perdere
640 1883 723 1949 malo
728 1903 738 1958 3
752 1885 827 1956 etsi,

136 1983 244 2047 praeter
256 1963 483 2045 turpitudinem,
498 1962 556 2022 hoc
571 1961 664 2042 ipsum
679 1981 751 2046 puto
764 1960 822 2024 effe

137 2044 293 2128 perdere)
314 2062 362 2105 aut
380 2044 597 2125 delegationem
618 2064 636 2102 a
655 2045 790 2124 mancipe
810 2085 821 2116 ,

137 2127 236 2189 annuit
262 2126 307 2185 die
334 2123 428 2205 (quis
446 2126 525 2196 erit,
547 2125 594 2183 cui
614 2125 754 2185 credam?
773 2139 823 2185 aut

159 2206 260 2269 uando
281 2203 330 2266 iste
348 2204 477 2265 Metonis
494 2220 586 2263 annus
602 2206 721 2267 veniet?
740 2205 754 2286 )
774 2219 825 2267 aut

170 2287 269 2349 ederi
286 2285 457 2347 conditione
475 2281 627 2346 semillem.
644 2287 750 2361 σκέψαι
764 2282 823 2365 igi·

139 2385 199 2429 tur.
223 2368 271 2427 Ac
290 2386 396 2428 vereor
414 2409 424 2440 ,
446 2385 483 2425 ne
508 2363 559 2424 ille
581 2363 641 2439 iam
660 2365 824 2425 audionem

139 2450 256 2509 nullam
273 2444 381 2520 faciat,
396 2444 448 2505 sed
462 2444 538 2504 ludis
554 2441 634 2503 fatris
649 2447 741 2523 ardep
755 2440 824 2504 sub·

143 2530 219 2590 sidio
247 2528 370 2602 durrat,
393 2544 431 2588 ne
457 2525 520 2587 talis
543 2526 590 2588 vir
613 2531 739 2599 ἄλογιοιῑ.
766 2521 825 2588 Sed

141 2611 259 2691 ‘duffio
626 2650 628 2655 ,
