2125 3784
242 373 304 427 AD
321 356 631 426 Attico-Mun.
648 357 720 427 ΧΙ.
773 379 815 457 15

129 473 246 537 tantum
259 473 351 548 vide,
369 494 407 533 ne
424 473 481 533 hoc
495 475 635 552 temporis
647 473 701 534 tibi
720 473 823 537 obesse

129 557 172 617 ali
193 557 243 616 uid
264 559 367 637 possit.
386 554 528 637 Ignosce,
549 553 667 615 obsecro
687 571 736 615 te:
756 578 821 618 non·

159 658 250 697 oum
277 657 337 718 ptae
367 637 440 696 fletu
468 636 500 696 &
530 635 633 696 dolote
660 636 765 697 diutius
789 641 823 698 in

134 658 193 779 doc
209 719 276 778 loeo
291 719 468 780 commorari
479 738 487 777 ε
500 719 614 777 tantum
628 717 739 793 dicam,
750 717 824 780 nihii

135 799 209 859 mihi
219 802 332 960 {tatius
354 798 430 873 effe,
454 797 544 880 quim
567 799 647 879 quod
668 820 733 859 eam
754 800 824 860 dili·

132 882 192 963 giu
255 881 315 941 u'od
338 882 477 954 litteras,
506 879 611 961 quibus
638 897 722 960 putas
747 902 826 961 opus

130 959 191 1024 effe
201 1007 211 1036 ‚
223 985 305 1023 curas
320 962 445 1034 dandas,
455 961 526 1021 facis
542 961 710 1021 commode.
726 959 824 1039 Quin-

131 1060 198 1106 tum
214 1043 306 1105 filium
320 1045 382 1105 vidi
398 1047 448 1125 qui
465 1042 545 1104 Sami
560 1040 693 1115 vidisset,
711 1061 823 1122 patrem

134 1123 291 1206 Sicyone:
312 1145 435 1206 quorum
458 1125 627 1205 deprecatio
650 1121 693 1182 est
710 1122 825 1185 facilist

131 1208 250 1266 utinam
270 1204 493 1288 illi,quiprii1s
511 1206 594 1265 illum
612 1203 761 1277 viderint,
776 1222 828 1265 me

134 1287 218 1368 apud
237 1308 305 1348 eum
325 1288 418 1348 velint
434 1285 563 1365 adjutum
586 1302 721 1360 tantum,
737 1305 829 1365 quan·

136 1384 202 1429 tum
225 1389 282 1452 ego
302 1368 371 1444 illos
391 1369 529 1443 vellem,
559 1371 583 1426 si
608 1367 678 1448 quid
705 1364 830 1447 poffem.

134 1449 236 1528 Quod
261 1471 368 1532 togas,
391 1465 423 1509 ut
441 1451 470 1507 in
490 1449 599 1507 bonam
615 1467 729 1528 partem
747 1451 829 1508 acci·

137 1531 250 1608 piam,
277 1532 300 1588 si
321 1551 378 1609 qua
403 1531 460 1589 sint
485 1529 516 1586 in
536 1532 593 1589 tuis
614 1531 740 1600 litteris,
762 1549 829 1609 quae

148 1627 200 1665 me
222 1610 398 1668 mordeant:
423 1609 576 1690 ego-vetit
601 1613 632 1669 in
656 1614 800 1691 optimam
817 1629 833 1684 ;:

142 1701 239 1766 teque
255 1706 326 1768 rogo
344 1705 376 1746 ut
391 1688 510 1767 aperte,
523 1690 766 1767 quemadmodum
785 1689 829 1749 fa·

146 1769 189 1825 cis
208 1811 219 1840 ‚
243 1765 348 1825 scribas
367 1768 403 1825 ad
422 1787 470 1827 me
493 1769 618 1840 omnia,
634 1770 718 1850 idque
741 1772 830 1840 facias

138 1846 232 1930 ‘qudm
249 1846 416 1928 saepissime.
440 1846 522 1908 Vale.
544 1862 608 1908 xlv
625 1849 690 1911 Kal.
716 1851 831 1914 Januar.

200 2047 204 2052 1
259 1963 416 2047 thetto
443 1966 723 2049 ArctcoSt'n.

136 2051 389 2174 &Quintus
404 2088 478 2146 curis
497 2086 604 2150 afficiar
621 2093 677 2150 etsi
697 2089 831 2171 ptofefflt

137 2167 248 2244 vides,
262 2186 362 2230 tamen
379 2167 537 2249 cognosces
553 2190 590 2230 ex
603 2169 695 2251 Lepta
709 2173 741 2232 &
755 2170 832 2233 Tre·-

143 2249 244 2309 batio:
263 2254 403 2310 maximas
422 2269 524 2329 poenas
545 2252 644 2329 pendo
662 2256 836 2315 temeritatis·

144 2350 220 2390 meae
239 2353 249 2405 ;
277 2352 364 2414 quam
385 2345 418 2389 tu
436 2329 620 2410 prudentiam
641 2333 714 2392 mihi
738 2335 831 2395 videti

145 2414 191 2472 vis
210 2431 220 2483 3
239 2432 335 2494 neque
357 2431 387 2472 te
409 2409 575 2487 deterreo,
601 2412 661 2494 quo
684 2413 777 2476 mimis
799 2417 835 2477 id.

143 2490 297 2571 disputes,
324 2491 482 2573 scribasque
501 2492 538 2552 ad
555 2512 607 2554 me
626 2492 712 2576 quim
731 2495 835 2579 saepis'-

144 2575 221 2633 sitne
236 2594 244 2633 t
267 2574 398 2635 nonnihil
423 2576 503 2634 enim
517 2594 573 2636 me¹
588 2576 688 2639 levant
703 2595 759 2639 tnae
780 2579 835 2638 lit·

146 2669 219 2714 tetae
238 2655 295 2717 hoc
315 2671 462 2738 tempore.
488 2654 542 2718 Per
563 2678 642 2735 eos,
668 2662 717 2740 qui
736 2658 838 2720 nostr&

148 2736 234 2796 causi
254 2738 379 2812 volunt,
396 2739 554 2821 valentque
573 2742 651 2822 apud
671 2743 773 2812 illum,
788 2739 835 2796 di·

149 2817 335 2899 iigentissimd
352 2819 509 2880 contendas
527 2843 602 2902 opus
622 2820 684 2894 est,
703 2841 756 2899 pet
769 2817 840 2878 Bal·

149 2897 219 2960 bum
238 2899 270 2961 δι
288 2897 422 2982 Oppium
440 2904 590 2978 maxime,
604 2903 691 2963 utde
705 2897 859 2977 metm,
937 2967 939 2969 ,
