2125 3784
260 404 324 457 AD
342 386 549 455 Arrrcvrt
566 383 653 456 Lrn.
670 387 775 457 XVI.
808 414 876 483 247

185 501 237 566 vel
257 521 319 564 non
339 502 427 582 longe
443 498 586 582 aCapua.
601 501 712 563 Puerile
730 504 787 564 hoc
809 508 878 585 qui-

186 584 286 658 dem,
313 584 338 642 si
361 582 391 642 id
408 599 489 662 putat
509 583 585 643 clam
602 581 664 644 fieri
705 583 763 645 olle
786 606 793 644 :
817 586 878 645 do-

185 668 233 727 cui
243 684 298 745 per
306 664 435 738 litteras,
452 664 483 724 id
502 684 557 724 nec
572 684 648 746 opus
660 607 735 740 elle,
754 686 808 726 nec
822 665 878 727 fie-

184 749 210 807 ri
230 743 323 827 polle.
340 743 422 804 Misit
437 744 473 804 ad
486 765 535 805 me
551 743 702 806 Caecinam
721 746 877 828 quemdam

186 826 414 888 Volaterranum
428 871 436 900 ,
452 825 625 887 familiarem
636 827 717 888 suum
731 873 740 901 ,
756 831 804 909 qui
814 830 876 888 haec

185 909 332 991 pertulit,
353 906 515 967 Antonium
530 929 598 968 cunr
615 909 733 990 legione
753 910 878 969 Alauda-

186 1010 253 1050 rum
271 988 310 1049 ad
330 989 433 1048 urbem
450 1008 599 1069 pergere,
620 992 757 1069 pecunias
781 993 878 1050 muni-

187 1072 271 1151 cipiis
290 1073 458 1150 imperare,
480 1070 628 1151 legionem
647 1069 697 1130 sub
715 1071 801 1152 signis
822 1070 877 1131 du-

188 1170 270 1211 cere.
297 1148 517 1224 Consultabat,
544 1153 640 1210 utrum
662 1149 791 1211 Romam
811 1172 878 1211 cum

192 1229 254 1292 cla
270 1229 328 1292 clo
342 1230 400 1293 clo
418 1248 623 1292 veteranorum
635 1230 877 1312 proficisceretur,

193 1332 232 1371 an
248 1308 378 1391 Capuam
393 1330 523 1386 teneret,
535 1310 741 1373 &Antonium
754 1316 878 1373 venien-

188 1410 254 1453 tem
272 1392 464 1465 excluderet3
485 1415 523 1452 an
540 1397 593 1453 iret
611 1393 647 1452 ad
667 1410 725 1454 tres
745 1394 877 1476 legiones
909 1436 911 1441 -

189 1472 419 1546 Macedonicas,
432 1495 496 1555 quae
510 1476 566 1535 iter
578 1473 732 1534 secundum
745 1496 823 1536 mare
836 1475 879 1537 su·

188 1572 296 1637 perum
311 1553 438 1628 faciunt,
477 1577 527 1615 uas
547 1554 639 1634 sperat
655 1553 716 1616 suas
738 1554 815 1617 effe:
834 1576 877 1616 eae

189 1637 372 1717 congiarium
395 1635 432 1695 ab
489 1639 591 1696 ntonio
620 1641 749 1715 accipere
770 1637 877 1698 nolue-

189 1733 284 1790 runt,
301 1733 334 1775 ut
346 1718 393 1777 hic
427 1717 525 1776 uidem
545 1735 660 1789 narrat,
680 1718 712 1775 ὅ(
731 1718 758 1776 ei
778 1720 881 1776 convi-

190 1799 270 1856 cium
296 1816 386 1880 grave
406 1738 572 1871 iecerunt,
598 1798 880 1878 concionantemque

189 1878 381 1959 reliquerunt.
402 1878 485 1960 Quid
503 1876 630 1958 quaeris?
650 1877 755 1938 ducent
769 1875 797 1938 se
810 1898 882 1959 pro·

191 1956 315 2034 litetur,
332 1980 388 2021 nec
402 1980 457 2021 nos
477 1960 529 2019 sibi
549 1960 630 2041 puta't
650 1957 744 2020 deelle
762 1977 882 2042 oporte·

192 2058 237 2101 re.
256 2038 400 2121 Equidem
420 2042 513 2115 suasi,
531 2059 563 2101 ur
582 2040 708 2101 Romam
725 2061 881 2125 pergeret:

192 2120 311 2183 videtur
335 2125 414 2184 enim
437 2124 506 2183 mihi
533 2122 563 2183 &
588 2124 768 2203 plebeculam
790 2125 881 2184 urba-

192 2222 284 2276 nam,
303 2202 336 2262 ὃ(
352 2249 362 2280 ,
377 2207 402 2265 si
419 2204 509 2265 fidem
528 2203 654 2278 fecerit,
675 2207 763 2265 etiam
783 2206 881 2268 bonos

191 2285 276 2344 viros
294 2281 390 2347 secum
408 2287 564 2347 habiturus.
581 2285 611 2346 0
634 2284 743 2358 Brute,
761 2287 810 2347 ubi
829 2288 881 2350 es?

192 2381 334 2445 quantam
351 2365 481 2447 rainutgiur
500 2369 605 2425 amittis
625 2365 635 2424 l
660 2364 729 2425 Non
745 2367 881 2445 equidem

191 2445 254 2505 hoc
274 2445 420 2521 divinavi,
439 2446 490 2523 sed
509 2446 617 2526 aliquid
639 2447 695 2506 tale
718 2451 816 2526 putavi
837 2448 884 2510 fo-

194 2544 241 2585 re.
261 2522 347 2586 Nunc
370 2548 452 2589 tuum
478 2530 629 2588 consilium
642 2530 796 2609 exquiro:
818 2528 882 2592 Ro-

193 2624 314 2668 mamne
331 2613 421 2670 venio
440 2656 448 2684 ,
470 2631 506 2669 an
529 2609 575 2668 hic
596 2628 721 2683 maneo,
738 2630 775 2668 an
794 2610 883 2692 Arpi·

192 2706 269 2746 num
286 2694 302 2763 (
320 2693 468 2763 ἀσφάλειαν
486 2690 574 2752 habet
591 2691 615 2751 is
632 2688 736 2772 locus)
751 2690 882 2773 fugiam?

191 2766 327 2827 Romam
342 2788 352 2842 3
373 2790 409 2831 ne
430 2771 645 2845 desideremur,
663 2773 772 2853 siquid
790 2770 883 2830 adum

191 2848 354 2910 videbitur.
374 2852 442 2912 Hoc
460 2855 546 2935 igitur
567 2854 680 2937 explica
698 2873 705 2913 :
726 2870 883 2932 numquam

194 2930 228 2991 'm
247 2928 360 3012 majore
376 2935 474 3015 dnegt'gt
492 2933 544 2998 fui.
684 3011 730 3071 L·

723 3032 754 3073 tv
