2125 3784
187 368 246 452 „8
408 328 663 429 Nonnuoa

185 475 303 527 Olivetus
322 471 405 521 locum
424 468 599 536 interpretatur
619 503 627 527 ‚
644 482 719 534 quem
744 465 785 518 alii
803 460 866 523 rabit

186 543 334 613 conjeiiuris
350 542 489 594 sollicitant.

222 619 286 670 lbid.
306 630 331 682 3.
351 614 401 679 Ista
419 615 508 665 oratio.
525 610 660 678 Philippica
676 628 703 666 2.

222 691 285 742 lbid.
299 705 330 753 ,ς.
359 689 415 760 Quo
433 685 525 754 surim
541 685 583 734 illi
598 685 727 740 triumviri.
747 684 766 740 i.
784 703 808 739 e.
825 701 867 753 quo

184 765 304 833 petierint
316 775 366 812 tres
376 760 486 815 Antonii,
499 758 601 809 Marcus
614 792 622 816 ,
633 758 724 811 Lucius
735 792 744 818 ,
756 761 782 812 &
793 760 867 811 Caius.

187 835 273 904 Vulgo
288 837 351 902 quod
361 832 412 902 fuit
425 833 476 882 illis
490 830 629 882 triumviris.
647 833 793 884 Emendavit
811 832 867 884 b'rid.

189 909 352 964 Gronovius,
372 908 398 959 81
410 906 445 956 sic
456 904 508 955 fert
521 905 603 971 regius
618 907 682 958 alter
695 939 704 967 ‚
722 907 750 959 in
761 923 809 974 quo
820 905 868 956 scri·

189 984 255 1034 bitur
271 1016 279 1040 ,
300 981 362 1049 quod
371 977 464 1046 fuerint
480 977 531 1026 illis
544 991 586 1026 111
610 979 667 1030 viri.

225 1055 289 1106 ibid.
303 1055 329 1106 8.
340 1055 409 1104 Unus
422 1050 478 1102 mihi
491 1050 578 1100 decem
590 1051 674 1103 millia.
701 1067 743 1105 10.
768 1052 869 1118 Loquar·

194 1127 238 1180 ι6.
249 1126 436 1178 benevolentia.
446 1139 490 1174 21.
501 1122 591 1174 Itonia.
602 1140 647 1185 24·
660 1125 869 1193 Peplographiam,

89 1192 93 1203 ¹
192 1204 303 1262 librum,
321 1202 346 1251 in
363 1216 433 1266 quem
446 1196 543 1248 nomina
561 1198 682 1248 clarorum
698 1200 806 1249 virorum
817 1214 870 1249 con·

192 1275 305 1346 geisetat.
322 1268 366 1324 2'6.
386 1271 560 1322 Heraclideum
581 1286 653 1337 opus.

230 1362 310 1408 250.
332 1361 358 1396 2.
369 1343 504 1396 Centurio.
523 1356 551 1402 4.
574 1341 637 1406 Quae
658 1343 689 1394 de
711 1341 797 1395 officiis
816 1343 872 1395 sunt.

196 1419 240 1481 18.
260 1418 357 1484 Capita.
381 1432 428 1468 20.
451 1416 493 1466 De
512 1412 596 1468 officio
616 1452 626 1474 ‚
652 1417 694 1467 cui
714 1417 821 1484 adjunsta
836 1414 873 1465 eb

194 1490 378 1544 circumstantia.
393 1505 438 1551 ²4·
454 1491 597 1553 Nuncupo‚
614 1491 680 1542 dico.
694 1506 741 1552 25.
758 1490 874 1550 Alienum.

232 1579 282 1628 251
297 1597 305 1624 ‚
323 1572 350 1626 ae.
369 1563 453 1617 Veriti
467 1562 522 1613 sunt
538 1561 633 1626 quidem
646 1564 780 1622 recusare,
794 1563 878 1616 dmue·

194 1652 251 1691 tunt
261 1650 342 1689 aittem
353 1636 484 1704 suscipere.
499 1636 530 1688 lii
544 1634 560 1697 η’
570 1649 616 1701 93.
634 1649 679 1702 13.
698 1637 807 1688 Obviam
820 1637 878 1695 itio,

196 1713 321 1764 obtunsus·
372 1732 374 1737 ⁴

233 1786 297 1837 lbid.
320 1782 364 1835 26.
382 1781 475 1834 Balbus
495 1785 528 1834 ud
550 1801 585 1832 me
607 1778 677 1849 usque
697 1784 731 1832 ad
749 1779 880 1834 111'Kai.

197 1859 279 1910 Locus
295 1858 335 1908 hic
350 1854 413 1908 mali
431 1856 611 1925 interpungitur
627 1857 653 1905 in
671 1856 789 1924 vulgatis.
859 1912 861 1917 ,

234 1947 250 1981 2
255 1923 306 1991 5⁸2,
324 1945 348 1991 5.
367 1928 473 1995 Septimo
489 1930 555 1980 Idus·
573 1931 610 1980 Ita
630 1929 731 1978 codices
753 1928 839 1997 regii,
857 1927 882 1978 &

196 2004 231 2053 sic
251 2002 380 2072 legendum
396 1999 496 2053 efferes
513 2005 562 2070 ipsa
579 2004 674 2053 clamat.
691 2001 816 2052 Mendosi
828 2000 883 2050 vui-

197 2077 249 2144 goti
265 2109 273 2135 ‚
294 2071 366 2142 sexto
392 2072 456 2125 Kal.
479 2077 545 2143 quod
562 2095 576 2125 a
595 2075 669 2126 Bosio
685 2075 824 2140 profebhm
841 2071 883 2124 est.

197 2148 275 2199 Iidem
292 2149 390 2199 codices
408 2146 491 2208 infra,
512 2164 538 2198 ut
554 2167 572 2201 v
594 2149 674 2207 Idus,
695 2166 741 2214 pro
763 2149 885 2217 vulgato,

196 2234 224 2270 ut
239 2235 275 2271 :11
299 2220 377 2278 idus,
393 2235 477 2269 errore
496 2222 649 2273 librariorum
668 2239 720 2272 non
737 2220 849 2272 insolito.

234 2306 305 2358 253,
326 2310 354 2357 7.
379 2293 538 2346 Heraclideo.
561 2303 600 2345 16.
622 2295 730 2362 Longam
748 2292 887 2363 navigatio·

197 2383 253 2418 nem
271 2369 422 2418 molientem.
443 2367 488 2419 26.
510 2369 668 2426 Absurdum,
691 2368 813 2434 ineptum.
841 2380 887 2431 29·

196 2438 290 2491 Praeter
305 2441 431 2492 ventosum
452 2441 571 2492 Mimanta
590 2441 688 2491 insulam
706 2442 737 2490 ad
759 2440 887 2508 Psyriam‚

196 2511 300 2578 Appiam
322 2531 337 2562 a
358 2514 449 2565 sinistra
472 2516 610 2566 habentem.
635 2514 730 2563 Ailudit
751 2514 781 2563 ad
805 2516 888 2564 locum

196 2585 299 2636 Homeri
318 2586 404 2640 oduff.
425 2579 461 2652 γ’.
480 2604 526 2652 71.
544 2589 666 2638 Suadebat
682 2586 802 2638 Ciceroni
819 2585 890 2636 Atti·

195 2675 238 2710 αις
255 2692 263 2718 ,
285 2671 312 2709 ut
329 2660 393 2710 inter
409 2661 566 2728 Apenninum
587 2661 724 2728 montem(
742 2654 885 2721 Mimanta)

196 2733 222 2783 &
239 2733 301 2783 viam
318 2733 419 2800 Appiam
441 2770 448 2794 ,
475 2735 498 2785 in
516 2734 661 2801 Arpinatem
677 2734 779 2784 insulam
796 2731 808 2797 (
826 2730 886 2798 Psy·

192 2806 252 2857 riam
268 2807 280 2875 )
302 2806 519 2872 proficisceretur,
540 2825 573 2860 ne
587 2809 613 2859 in
629 2808 735 2860 Antonii
750 2802 887 2858 manus-in·

192 2879 296 2933 cideret.
314 2879 436 2936 Ernestut.
