2125 3784
263 374 316 418 rr
342 359 657 419 eonnrerunn:
736 345 798 440 '335

111 461 179 512 dum.
193 457 219 509 8.
230 458 341 509 Subitum
359 461 484 512 consilium
503 462 528 513 ἃ
544 459 736 513 tumultuarium.
754 478 803 516 21.

111 552 165 588 non
183 533 311 592 dicenda,
331 551 380 585 non
399 534 527 586 narranda.

153 607 206 659 218
221 642 229 665 ,
255 621 278 658 r.
293 606 359 657 Mili
373 608 464 676 aliquid
479 642 487 668 ,
504 606 545 660 vel
560 609 621 676 quod
638 605 726 659 Nicia.
743 607 802 659 Fuit

113 682 155 733 hic
174 682 361 749 grammaticus,
377 683 513 732 Dolabellae
530 683 555 734 δι
573 683 685 733 Ciceroni
701 683 805 732 familia·

114 756 157 807 tis.
170 755 285 806 Muretus
301 756 397 823 legebat
415 756 484 806 morib
503 755 613 822 aliquid,
630 756 670 805 tul
680 758 742 822 quod
754 757 802 808 dc.

153 829 217 879 lbid.
237 844 264 879 2.
284 827 344 901 Quis
361 830 421 879 enim
432 831 480 880 lraer
491 818 503 890 ‚¹
515 844 541 878 ut
554 826 659 896 scribis,
675 829 753 879 unte?
771 846 802 879 ne

115 919 178 953 nunc
200 901 245 953 dr.
267 900 328 964 Quis
348 904 412 953 enim
433 903 489 954 anti
508 905 596 953 nullius
614 904 687 951 etiam
707 903 803 953 consilii

116 976 210 1033 homo,
226 975 343 1025 dubitavit
363 978 420 1043 quin
440 994 509 1028 meus
527 975 637 1026 discessus
658 976 806 1038 desperatio·

115 1048 154 1099 nis
176 1047 254 1106 esset,
278 1066 328 1099 non
343 1050 495 1117 legationis?
514 1067 578 1100 nunc
597 1050 707 1098 dubitare
726 1051 806 1115 possit

114 1121 202 1188 aliquis
220 1121 351 1188 prudens?
369 1124 406 1172 lta
424 1123 549 1175 Vidl‘orius
565 1122 703 1172 emendavit
718 1139 804 1171 corru-

115 1206 183 1262 ptam
191 1195 241 1246 msl.
253 1195 400 1256 ledlionem,
420 1213 506 1248 anieno
523 1214 584 1246 nunc
603 1197 649 1246 du.
662 1196 712 1244 Alii
722 1195 804 1248 aliter.

154 1266 218 1319 lbid.
233 1283 275 1331 15.
290 1268 345 1340 Quo
357 1267 451 1337 casurus
466 1289 498 1321 es.
512 1270 617 1334 Quidam
627 1271 724 1319 codices
739 1286 804 1335 ptae·

116 1339 221 1399 serunt,
239 1359 283 1408 quo
295 1339 388 1408 casinus
398 1345 437 1407 est.
449 1345 540 1412 Supple
553 1376 561 1401 ‚
578 1344 683 1409 optimus
695 1342 805 1409 quisque.

154 1414 217 1464 lbid.
249 1430 293 1476 25.
317 1414 435 1464 Nonnihil
453 1432 620 1467 commoveor.
644 1417 707 1467 Scil.
736 1416 806 1467 Bruti

115 1484 228 1538 discessu.

157 1573 209 1624 219
223 1593 230 1619 ‚
250 1573 292 1609 ιι.
307 1559 437 1610 Durolitum
451 1561 600 1627 prodierunt.
619 1561 658 1611 Sic
675 1574 750 1612 vocat
761 1563 807 1612 do·

118 1649 174 1685 mor
191 1634 216 1684 in
231 1632 381 1701 Argiletho‚
403 1651 461 1701 quas
481 1636 511 1683 ab
530 1652 608 1686 uxore
627 1636 746 1685 Terentia
764 1653 807 1686 ac·

118 1718 231 1774 ceperat.
264 1712 267 1717 ‘

114 1800 117 1807 ·
159 1780 221 1831 lbid.
240 1797 285 1832 22.
304 1778 363 1830 Huc
376 1779 462 1849 putavi
477 1780 529 1830 med
539 1799 608 1830 manu
621 1777 756 1847 scribenda.
770 1782 808 1831 lla

120 1854 183 1923 regii
198 1856 315 1913 codices,
327 1872 373 1922 pro
388 1856 507 1924 vulgato,
522 1856 583 1904 lianc
594 1855 679 1923 putavi
692 1855 744 1903 med
757 1872 811 1903 ma·

120 1946 153 1980 nu
163 1924 320 1996 scribendam.
365 1959 369 1965 «
428 1924 433 1933 ’

160 2017 232 2060 220,
248 2017 273 2066 9.
289 2002 493 2063 Dubitationem,
510 2003 675 2053 retentionem
695 1999 809 2051 delibera·

122 2075 197 2125 rionis
210 2075 241 2123 de
257 2078 345 2140 nuptiis
363 2076 449 2138 Quinti
467 2093 520 2126 cum
540 2075 588 2124 filia
608 2076 679 2125 Cani.
700 2090 741 2126 11.
753 2076 810 2125 Sin·

123 2147 183 2201 cere
190 2182 199 2205 ,
210 2146 318 2198 absoluti
331 2150 407 2199 dorem
419 2150 547 2214 restitutum
558 2150 604 2199 dc.
618 2165 661 2199 22.
670 2150 809 2216 Navigatio.

122 2295 141 2346 d
156 2235 236 2346 bant,
257 2236 301 2272 22.
318 2222 465 2284 Libellum,
488 2224 709 2282 commentarium,
724 2220 810 2291 fiepple

141 2312 155 2344 a
174 2312 199 2345 o.

164 2382 239 2426 222,
260 2380 302 2431 15.
317 2366 444 2434 Myfleria.
458 2367 516 2416 Scil.
529 2367 603 2417 Bonae
618 2368 671 2417 deae
681 2385 735 2433 quae
749 2367 811 2419 Clo·

124 2441 181 2491 dius·
208 2441 264 2489 olim
290 2441 402 2490 violarat.
424 2441 497 2488 Tunc
520 2452 601 2488 autem
627 2442 811 2492 celebrabantur

126 2513 208 2566 Nonis
219 2513 363 2562 Decembris
371 2529 379 2570 ;
388 2529 436 2577 quo
448 2511 487 2561 die
500 2510 590 2563 Cicero
599 2513 682 2563 consul
698 2513 811 2568 catilina

127 2586 208 2640 socios
222 2588 247 2635 in
266 2585 393 2635 custodiam
411 2585 553 2635 tradiderat.

164 2660 228 2712 lbid.
249 2675 293 2722 25.
311 2657 381 2710 Faue
395 2659 545 2724 perscripto,
561 2659 723 2726 supposititio.

167 2748 239 2799 223,
259 2749 284 2796 5.
302 2734 511 2785 Absurdissimum.
627 2779 630 2787 ,

167 2824 241 2871 224,
262 2823 284 2858 1.
305 2807 377 2858 Me...
396 2805 519 2875 servituris
539 2808 602 2875 apud
613 2803 641 2872 se
657 2805 750 2872 aliquid
769 2805 812 2853 ha·

132 2876 240 2933 litorum.
262 2883 299 2932 lta
317 2899 331 2932 e
349 2881 487 2949 conjedluta
505 2882 571 2932 Frid.
593 2880 754 2935 Gronovius,
773 2876 814 2943 qui

131 2962 234 3015 tamen,
252 2955 336 3010 deleto
353 2956 498 3025 pronomine
512 2973 569 3018 me,
586 2955 670 3008 mallet
685 2950 816 3005 labbatut.
