2125 3784
209 270 273 321 AD
291 252 496 321 Arrrcvrr
515 255 604 324 Lrn.
621 258 726 330 XVI.
754 281 824 357 259

134 366 185 431 illa
207 367 327 431 valeant
347 388 425 447 :me
453 389 497 431 res
524 369 667 432 familiaris
695 394 822 435 movet:

134 470 200 512 rem
220 450 289 509 dico
303 447 314 507 ἓ
327 450 418 510 immo
434 457 506 511 verti
528 452 706 514 existimatio.
718 454 824 533 Quum

135 535 215 593 enim
234 546 315 590 tanta
326 531 435 613 reliqua
450 536 527 604 sint,
550 555 587 592 ne
602 533 746 595 Terentiae
761 539 825 617 qui-

135 612 204 675 dem
219 611 337 682 adhuc,
352 613 433 694 quod
444 612 555 674 solvam
569 661 579 688 ,
591 617 759 696 expeditum
772 616 824 680 est.

134 691 306 756 Terentiam
317 692 405 755 dico?
424 694 476 754 scis
488 715 542 755 nos
556 697 669 776 pridem
682 695 739 776 jam
752 719 824 759 con·

134 772 247 836 stituisse
261 772 397 836 Montani
411 778 530 837 nornine
545 776 616 837 H·S
635 796 707 839 xxv
726 777 824 839 dissol-

133 876 205 919 vere
222 876 230 914 τ
250 855 458 936 pudentissimi
474 857 531 917 hoc
553 858 660 919 Cicero
678 862 823 940 petierat,

134 953 166 997 ut
181 935 242 997 fide
259 936 328 997 sual:
346 937 569 1014 liberalissime,
586 958 617 1000 ut
634 940 686 999 tibi
704 962 823 1021 quoque

133 1018 311 1099 placuerat,
334 1018 521 1100 promiseram
543 1039 552 1091 ;
575 1018 715 1102 Erotique
739 1022 825 1082 dixe-

135 1118 200 1157 ram
218 1142 229 1173 ,
249 1115 282 1158 ur
297 1097 453 1179 sepositum
472 1100 601 1162 haberet.
622 1100 691 1161 Non
710 1103 823 1162 modo:

133 1178 186 1239 sed
214 1179 392 1260 iniquissimo
413 1180 528 1242 foenore
554 1182 698 1243 versuram
727 1182 823 1243 facere

134 1259 274 1320 Aurelius
301 1261 414 1322 coaslus
440 1260 490 1324 est.
517 1260 593 1322 Nam
617 1264 654 1324 de
676 1262 822 1325 Terentiae

133 1343 256 1402 nomine
278 1339 352 1402 Tiro
374 1342 410 1402 ad
427 1364 475 1403 me
499 1341 629 1425 scripsit,
652 1361 681 1404 te
702 1346 821 1419 dicere,

97 1474 102 1483 .
132 1442 273 1483 nummos
291 1444 308 1482 a
325 1421 483 1483 Dolabella
493 1420 557 1485 fore
572 1425 663 1485 :male
674 1447 741 1485 eum
753 1448 821 1486 cre·

133 1502 174 1563 do
186 1502 374 1585 intellexisse,
388 1506 412 1564 si
426 1503 574 1641 quispparn
587 1507 660 1566 male
674 1507 822 1587 intelligir;

133 1585 255 1663 potins,
271 1584 342 1644 nihil
358 1586 486 1645 intellexi
510 1605 526 1644 e
548 1607 555 1643 :
574 1603 604 1645 tu
621 1589 699 1646 enim
720 1586 756 1643 ad
774 1606 821 1646 me

132 1662 269 1745 scripsisti
296 1662 419 1726 Cocceii
445 1663 641 1744 responsum,
670 1664 823 1725 &iisdem

133 1764 212 1825 pene
239 1745 335 1806 verbis
352 1744 435 1806 Eros.
453 1745 643 1806 Veniendum
669 1744 709 1806 est
737 1748 823 1827 igitur

132 1825 183 1887 vel
201 1828 233 1886 in
252 1825 344 1907 ipsam
359 1827 507 1889 flammam
529 1849 537 1887 ι
557 1831 667 1908 turpius
688 1825 728 1887 est
742 1831 821 1888 enim

132 1908 272 1987 privatim
298 1907 401 1969 cadere
423 1952 433 1983 ,
457 1908 543 1990 quim
574 1909 697 1991 publice.
719 1909 819 1990 ltaque

134 1990 239 2049 ceteris
259 1987 297 2048 de
312 1989 421 2062 rebus,
440 2010 510 2070 quas
532 1990 569 2049 ad
590 2012 637 2052 me
656 1989 821 2052 suavissime

134 2066 289 2150 scripsisti,
311 2070 479 2152 perturbato
497 2075 616 2144 animo,
635 2094 695 2130 non
714 2075 820 2151 potui,

133 2169 166 2211 ut
186 2148 379 2225 consueram,
397 2147 562 2213 rescribere.
576 2152 715 2213 Consenti
726 2156 755 2210 in
767 2153 820 2212 hac

133 2250 203 2291 cura
216 2276 227 2304 ,
239 2232 290 2292 ubi
308 2233 390 2306 sum,
407 2250 439 2293 ut
457 2253 504 2292 me
519 2233 672 2312 expediam
692 2253 698 2289 :
719 2233 821 2311 quibus

133 2329 234 2373 aurem
249 2312 357 2388 rebus,
374 2315 455 2375 venit
471 2314 590 2393 quidem
609 2312 679 2371 mihi
696 2314 724 2371 in
741 2333 822 2373 men-

133 2407 225 2467 tem,
245 2392 294 2453 sed
314 2394 391 2455 certe
407 2392 580 2453 constituere
598 2393 668 2452 nihil
686 2392 821 2473 possum,

134 2476 215 2553 prilu
236 2474 326 2555 quim
346 2494 376 2536 re
393 2474 508 2535 videro.
531 2472 596 2554 Qui
613 2477 705 2539 minus
724 2493 821 2536 autem

134 2572 193 2635 ego
204 2552 263 2614 islic
282 2556 357 2616 rede
372 2555 427 2617 esse
442 2559 552 2637 possim
565 2603 575 2632 ,
588 2557 673 2638 quim
687 2553 727 2616 est
740 2556 821 2614 Mar-

133 2634 248 2696 cellus?
266 2635 324 2698 Sed
338 2659 399 2698 non
410 2639 440 2697 id
460 2640 552 2720 agitur
569 2660 578 2711 3
597 2636 741 2718 neque·id
759 2657 822 2695 rna·

132 2716 213 2809 trime
239 2738 310 2781 curo
328 2719 422 2803 :quid
450 2739 569 2797 curem,
587 2719 670 2780 vides
690 2736 699 2777 t
723 2714 820 2779 adsum

135 2810 230 2879 igliur·
