2125 3784
292 392 353 444 An
372 375 583 444 Africum
602 375 692 444 Lm.
715 375 787 442 XI.
833 395 877 473 35

187 490 259 552 dem
282 494 314 551 in
336 511 408 552 meo
427 507 508 553 tanto
553 509 656 553 eccato
678 490 751 549 nihil
768 508 807 550 ne
826 511 882 550 co-

188 574 337 652 gitatione
362 572 480 651 quidem
506 514 610 654 adequi
630 570 771 653 polium,
794 571 879 652 quod

192 651 268 708 mihi
299 651 447 714 tolerabile
467 656 561 732 possit
581 651 647 715 effe.
671 650 717 712 Te
739 672 824 724 oro,
847 669 881 712 ut

195 729 233 790 de
254 730 307 791 hac
327 731 427 794 misera
447 736 577 816 cogites;
599 734 631 794 δι
652 731 743 802 illud,
761 731 799 792 de
817 751 878 811 quo

190 810 228 869 ad
249 829 277 871 te
305 815 437 892 proxime
458 814 580 896 scripsi,
600 831 634 875 ut
653 811 761 895 aliquid
780 811 878 872 confi-

191 893 278 952 ciatur
291 893 327 953 ad
341 896 471 975 inopiam
485 918 540 977 pro
562 893 729 967 uisendam,
742 892 773 951 ἃ
787 894 876 953 etiam

189 972 227 1032 de
246 972 309 1053 ipso
327 974 513 1039 testamento.
533 917 610 1036 dlud
630 992 748 1061 quoque
766 974 876 1034 vellem

185 1070 293 1127 antea3
308 1053 357 1116 sed
374 1057 473 1116 omnia
491 1059 661 1117 timuimus:
682 1055 786 1114 melius
804 1054 875 1136 qui-

186 1133 257 1193 dem
281 1136 311 1193 in
332 1140 464 1214 pessimis
485 1137 557 1195 nihil
580 1135 636 1196 fuit
657 1134 799 1195 discidiot
821 1136 876 1194 ali-

186 1213 259 1293 quid
283 1212 445 1276 fecissemus
464 1260 474 1290 ,
494 1235 527 1278 ut
547 1218 629 1288 vivi,
647 1215 697 1276 vel
715 1213 875 1275 tabulatum

188 1315 333 1355 novarum
356 1300 501 1371 nomine,
527 1297 576 1357 vel
597 1294 800 1357 rodiumatum
820 1313 876 1355 ex-

165 1391 168 1396 ’
186 1379 420 1515 ριιῗηεῑὶοηυηι,
437 1376 488 1440 vel
503 1377 634 1438 Metellae
646 1422 658 1452 ,
672 1375 724 1437 vel
743 1377 875 1445 omnium

187 1475 236 1515 ma
247 1478 349 1517 orum:
369 1479 424 1519 nec
440 1479 485 1519 res
499 1457 646 1539 periiffet;
662 1459 693 1518 &
707 1456 875 1517 videremur

190 1535 299 1614 aliquid
311 1538 418 1600 doloris
429 1540 519 1601 virilis
528 1536 664 1599 habuiffe.
675 1536 801 1598 Memini
811 1556 875 1597 om·

193 1616 265 1674 nino
284 1633 346 1676 tuas
364 1620 473 1679 litteras
490 1639 505 1691 ;.
523 1620 574 1679 sed
592 1619 625 1678 &
646 1637 763 1697 ternpus
778 1617 873 1686 illud:

197 1695 253 1750 etsi
276 1697 386 1772 quidvis
406 1696 542 1776 ptaestitit.
562 1697 650 1756 Nunc
673 1698 791 1776 quidem
814 1696 874 1776 ipse

196 1773 316 1832 viderur
327 1775 512 1836 denuntiare:
526 1776 658 1836 audimus
670 1777 748 1834 enim
759 1777 795 1834 de
807 1774 877 1836 statu

189 1854 369 1931 reipublicae.
394 1855 427 1916 O
453 1854 494 1915 dii
515 1857 525 1915 i
549 1874 730 1938 generumne
753 1850 877 1915 nostnun

185 1935 392 2073 potissimum,
408 1953 442 1994 ut
461 1938 539 2009 hoc,
559 1936 609 1997 vel
630 1935 740 1996 tabulas
760 1937 876 1998 novas?
920 1966 924 1974 ·

210 2015 285 2074 iacet
303 2015 374 2076 mihi
389 2019 494 2097 igitur,
511 2017 637 2076 &idem
654 2017 724 2089 tibi,
740 2020 873 2078 nuntium

185 2097 307 2154 remitti.
325 2096 406 2158 Petet
426 2095 541 2157 fortasse
557 2100 673 2158 tertiam
689 2101 871 2179 pensionem.

187 2172 353 2237 Considera
372 2181 483 2261 igitur,
509 2195 611 2238 tumne
635 2199 735 2258 quum·
748 2179 786 2238 abv
808 2178 871 2262 ipso

185 2255 337 2330 nascetur,
352 2280 389 2318 an
406 2261 484 2337 prius
501 2279 569 2342 ego.
586 2257 694 2321 Si'ullo
708 2259 801 2320 modo
817 2282 872 2341 po·

185 2352 300 2412 tuero,
320 2339 369 2399 vei
388 2337 535 2399 noiiurnis
550 2339 699 2400 itineribus
715 2342 871 2420 experiar,
889 2330 896 2345 ’

185 2434 218 2476 ut
241 2434 272 2477 te
299 2420 428 2479 videam,
452 2418 502 2480 Tu
526 2421 558 2479 δι
582 2420 644 2478 haec
665 2464 675 2493 ,
700 2419 776 2481 &si
799 2422 869 2504 quid

185 2498 244 2557 erit
264 2499 345 2638 wod
363 2502 475 2559 mtetsit
494 2519 552 2559 me*
564 2497 660 2573 scire,
684 2499 786 2562 scribas
811 2523 869 2566 ve-

187 2578 250 2637 iim.
303 2578 359 2640 aie.
783 2610 785 2614 ⁷

282 2693 445 2760 thnno
487 2695 651 2762 Anrrco
686 2686 781 2776 'Suu

188 2780 386 2900 21.Quum
399 2815 457 2881 tuis‘
467 2821 534 2882 dare
548 2788 659 2904 poiiem
672 2823 800 2893 litteras,
812 2840 873 2879 non

191 2905 364 2982 pretermisi
374 2905 461 2978 seui
481 2903 551 2985 quid
563 2902 815 3059 ίεῷετοὲιιῆηοα
825 2900 879 2960 ια.
