2125 3784
261 348 323 435 336
484 351 732 413 Noranua

300 453 362 506 lbid.
392 466 434 503 ιι.
461 451 574 503 Oc‘iavum
598 465 690 519 partem
718 448 776 502 tolli
802 448 931 502 tannarii·

263 529 344 580 adium
367 529 398 575 ad
423 525 535 576 strenia.
556 525 595 576 lta
614 542 628 575 e
647 525 721 591 regiis
744 523 794 575 ntis.
813 528 873 575 alter
888 559 895 584 ,
910 537 931 574 ut

261 600 341 653 voluit
357 598 492 650 Corradus.
511 595 635 649 Mendos¹e
652 598 748 666 vulgo,
769 597 930 667 Οᾶινωιψι·

261 690 308 726 aem
324 673 370 722 culi
387 672 537 722 luminarium
553 672 578 721 in
594 671 677 722 adium
694 671 742 723 bc.

299 746 363 798 lbid.
382 761 427 810 29.
444 747 525 798 Valde
546 758 664 795 amanter.

300 835 375 881 225,
396 834 438 883 17.
457 819 652 876 Heraclidem,
669 817 700 867 ad
719 818 854 884 exemplum
869 816 928 868 Hert·

262 894 333 944 clidis
354 892 459 945 Pontici.
477 891 522 942 26.
534 890 646 958 Vesperi
656 922 665 951 ,
683 904 797 959 tempore
815 908 861 959 quo
870 893 929 943 horat

263 968 342 1019 solent
357 968 387 1016 ab
402 980 483 1017 aratro
498 965 568 1016 soivi.

300 1041 363 1093 lbid.
383 1054 426 1104 30.
449 1037 480 1089 In
499 1037 666 1089 Puteolanum.
691 1037 729 1088 lta
747 1053 780 1089 ex
797 1036 847 1105 ipso
862 1035 931 1105 epido-

264 1114 340 1163 larum
360 1125 477 1163 contextu
493 1112 624 1178 legendum
641 1110 702 1164 vidit
720 1111 886 1180 Mougaltiut‚
898 1124 932 1177 pto

265 1189 365 1254 vulgato
383 1187 407 1235 in
425 1182 590 1251 Tusculanum.

303 1260 377 1319 226,
393 1273 435 1313 12.
449 1259 554 1315 Consilii
571 1257 661 1326 inopia.
682 1270 727 1324 30.
747 1256 853 1319 Pacisci,
870 1255 934 1309 surdus

266 1334 358 1385 facere.

305 1422 356 1470 227
370 1439 378 1461 ,
395 1419 421 1471 9.
438 1405 611 1457 Abominabar.
630 1417 670 1455 10.
690 1405 809 1470 Scopuc,
824 1403 884 1456 finit.
905 1414 940 1455 ιι.

265 1481 325 1530 Non
340 1492 442 1547 propter
451 1481 499 1529 hoc
513 1512 520 1538 ‚
538 1494 589 1529 non
599 1494 630 1529 eo
641 1489 786 1529 moveretur
800 1475 862 1530 Jurn
872 1509 880 1537 ,
891 1491 941 1544 quo·

266 1554 345 1605 minus
365 1555 388 1604 ei
407 1554 519 1605 nuberet.

306 1641 379 1692 230,
400 1643 422 1679 1.
446 1626 526 1678 Nonis
547 1623 627 1676 Iuliis.
652 1622 796 1691 indignatur
819 1619 945 1675 Ciceroin

268 1702 444 1768 proscriptione
468 1701 579 1750 ludorum
603 1697 671 1747 Bruti
691 1698 834 1764 usurpatum
850 1697 945 1749 effeuo·

267 1793 324 1826 men
342 1774 467 1835 Caesaris,
493 1789 566 1841 quem
584 1771 672 1823 Brutus
688 1783 813 1840 tamquam
829 1784 950 1841 tyranuum

270 1849 404 1901 occiderat.

306 1923 367 1972 ibid.
391 1937 414 1981 5.
427 1902 595 1972 Discedamus.
618 1919 689 1970 Nihil
708 1918 769 1973 ridi.
792 1919 952 1986 Imprudens,

271 2010 348 2042 caecus
366 1994 399 2042 fui
415 2026 421 2048 ,
440 1993 480 2056 qui
497 2010 545 2042 non
564 1993 620 2042 ante
637 1993 791 2046 discesserim.
815 2008 857 2046 12.
874 1994 902 2043 ln
917 1991 955 2041 so·

271 2067 361 2116 rietato
380 2064 516 2132 navigandi.
535 2082 574 2126 ις.
592 2067 689 2115 lnanem
701 2078 833 2120 terrorem.
851 2078 891 2131 19.
901 2066 956 2116 Nu·

270 2157 305 2208 ga
323 2141 404 2190 multae
425 2153 469 2197 25.
489 2139 633 2197 Tenuiter,
654 2139 801 2191 minutatim.

308 2227 354 2276 231
370 2246 376 2270 ,
396 2229 415 2262 1.
430 2210 536 2261 Pindaro
548 2214 575 2260 de
592 2217 694 2261 Cumano
710 2228 831 2279 negaram.
847 2212 891 2262 De
903 2210 958 2262 villa

269 2282 377 2334 Cumani
395 2301 524 2350 negaram,
542 2285 648 2334 dixeram
665 2284 769 2334 Pindaro
786 2301 837 2335 non
856 2284 903 2334 effe
915 2301 958 2335 ve·

269 2360 357 2411 nalem.
374 2359 427 2426 Ego
447 2357 521 2415 vero,
538 2359 616 2424 inquit
632 2359 694 2408 libro
714 2372 765 2418 14,
784 2370 812 2422 13
830 2360 860 2407 de
876 2356 961 2408 vendi-

270 2432 334 2481 tione
345 2433 404 2482 nihil
413 2430 500 2499 cogito.
517 2431 588 2499 Regii
604 2432 702 2481 codices
713 2433 738 2482 &
748 2445 851 2481 veteres
865 2431 925 2481 editi
936 2429 961 2479 id

269 2506 359 2555 habent
375 2506 440 2574 quod
456 2504 584 2564 dedimus,
600 2522 646 2571 pro
661 2507 761 2574 vulgato
776 2503 906 2564 ,Pindaro
918 2504 962 2555 dc·

270 2596 367 2630 Cumano
391 2595 509 2647 negaram·

307 2666 383 2716 232,
407 2665 447 2715 31.
465 2650 589 2702 Societate
606 2651 746 2720 navigandi.

306 2739 380 2789 233,
403 2741 428 2776 2.
446 2723 605 2788 Suspensiore
623 2727 713 2778 animo.
732 2742 772 2777 10.
794 2725 895 2776 Tutum·
914 2736 959 2784 15.

267 2798 393 2864 Impulsio.
411 2811 451 2862 19.
468 2796 579 2850 Glorior.
599 2815 642 2848 20.
660 2797 714 2850 Post
729 2816 804 2851 naevo
822 2809 960 2850 carentem.

268 2887 310 2926 21.
322 2873 400 2925 Naevo
419 2889 504 2922 carens
516 2911 522 2924 .
535 2910 562 2925 ..
579 2873 694 2924 Divinus.
717 2889 762 2926 22.
786 2871 924 2924 coltettio.

303 2960 375 3014 234»
395 2963 435 3008 10,
455 2946 547 3005 Contra
563 2946 663 3018 proprii
673 2947 793 3018 loquendi
809 2946 945 3001 rationem.

889 3033 943 3088 215
951 3051 963 3078 ι
