2125 3784
272 369 339 460 164
447 367 750 437 'Errsrom

267 504 326 564 quo
345 479 428 565 pallo
448 481 502 542 tibi
521 501 579 564 ego
600 479 713 562 possum
731 526 742 557 ,
760 479 839 551 mihi.
857 500 888 546 tu
904 483 942 546 ἅ.

265 583 343 624 cere·

303 667 394 725 Τέκνον
404 648 462 743 ipalr
475 659 495 722 ἕ
504 687 544 721 τοι
553 659 650 726 lllrlar
659 661 796 735 ιολίμέία
808 664 893 739 'mr
931 672 937 705 '-

306 744 382 806 A'rrtlr
393 743 457 816 αἵγ’
467 742 589 817 ἱμιςὸυῑι
600 741 800 819 pertimuimus
812 743 914 815 λὸγοηὶ
937 754 940 761 ’

267 880 326 944 Sed
344 881 405 941 haec
422 878 484 942 fors
498 877 629 951 viderit,
646 896 705 956 ea,
725 899 793 959 quae
811 878 943 941 talibusitr

267 963 354 1025 rebus
374 962 438 1042 plus
455 1005 466 1035 ‚
489 958 578 1041 quarn
593 960 689 1031 ratio,
708 957 887 1040 potestrnos
900 981 944 1021 au·

269 1060 330 1104 tem
342 1043 372 1103 id
382 1042 553 1113 videamus,
570 1039 650 1119 quod
668 1042 697 1098 in
713 1040 801 1100 nobis
815 1036 944 1120 ipsiseffe

272 1124 382 1197 debet,
402 1140 452 1197 ut,
469 1120 607 1202 quidquid
625 1118 780 1194 acciderit,
794 1118 945 1181 sortirer&

271 1203 413 1284 sapienter
428 1202 574 1273 feramus,
593 1200 625 1260 &
643 1199 775 1262 accidiffe
788 1199 944 1261 hominibus

274 1287 488 1344 meminerimus
504 1303 514 1353 ;
533 1279 643 1361 nosque
656 1301 746 1361 quum
761 1280 887 1343 multum
900 1280 945 1341 lit·

272 1383 369 1436 terre,
392 1379 453 1422 rum
472 1382 533 1421 non
560 1363 713 1421 minimum
740 1358 812 1422 Idus
838 1378 945 1444 quoque
974 1400 977 1407 ·

272 1443 360 1502 Mart.
390 1440 584 1502 consolentur.
609 1440 727 1522 Suscipe
753 1460 833 1503 nunc
859 1458 946 1503 meam

273 1521 532 1594 deliberationem,
556 1521 613 1602 qual
633 1521 791 1582 sollicitor:
812 1523 853 1582 ita
868 1520 947 1582 multa

272 1603 394 1663 veniunt
414 1606 443 1663 in
463 1620 593 1663 mentem
611 1606 641 1661 in
661 1621 816 1684 utramque
837 1619 948 1683 partem.

272 1682 459 1756 proficiscor,
484 1700 517 1744 ut
543 1681 767 1756 constitueram,
793 1683 948 1765 legatusin

274 1762 450 1826 Graeciam?
475 1763 559 1823 caeclis
580 1762 775 1842 impendentis
798 1763 950 1844 periculum
985 1778 986 1785 ’

274 1846 406 1906 nonnihil
424 1846 515 1906 vitare
530 1843 654 1916 videor,
672 1842 722 1903 sed
740 1841 893 1905 casurusin
905 1843 952 1903 ali·

295 1947 362 1984 uam
387 1926 657 2004 vituperationem,
680 1922 763 2004 quod
791 1921 951 2007 reipublice

274 1947 417 2067 iefuerim
440 2021 499 2064 tam
518 2007 601 2087 gravi
619 2021 766 2084 tempore.
788 2001 842 2065 Sin
862 2020 952 2085 autem

274 2083 430 2159 mansero,
449 2083 513 2146 fore
532 2105 581 2146 me
598 2084 718 2165 quidem
737 2083 832 2150 video.
850 2081 952 2147 indis«.-

274 2166 415 2238 crimine;
435 2163 485 2225 sed
504 2166 635 2226 accidere
656 2162 736 2244 polle
755 2163 912 2246 suspicor,
923 2179 953 2226 ut

274 2243 407 2322 prodelle
425 2245 536 2325 possim
547 2245 723 2325 reipublicae.
739 2244 805 2305 Jam
824 2246 875 2307 illa
889 2266 955 2307 con-

276 2324 336 2384 silia
353 2328 464 2407 privata
482 2326 567 2401 sunt,
586 2325 666 2405 quod
684 2325 777 2386 sentio
794 2325 884 2388 valde
900 2323 953 2388 elle

275 2407 345 2467 utile
371 2407 409 2467 ad
435 2405 688 2468 confirmationem
714 2404 891 2480 Ciceronis,
907 2425 954 2468 rue

275 2486 343 2545 illuc
364 2489 490 2560 venire;
516 2507 571 2547 nec
590 2487 645 2547 alia
667 2485 749 2546 causa
769 2485 954 2567 profeffionis

276 2565 347 2625 mihi
365 2568 423 2625 ulla
441 2565 495 2626 fuit
510 2584 571 2627 turn
592 2612 602 2638 ‚
619 2587 708 2648 quum
725 2568 878 2629 consilium
893 2568 955 2648 cepi

274 2643 365 2724 legari
384 2645 419 2704 ab
436 2643 559 2708 Caesare.
575 2645 653 2708 Tota
667 2649 753 2729 igitur
770 2647 824 2707 hac
847 2648 884 2709 de
904 2668 955 2721 re,

276 2721 400 2821 utlpler
413 2769 422 2797 ‚
437 2727 461 2785 si
481 2728 551 2804 quid
568 2727 605 2786 ad
623 2748 671 2788 me
692 2728 838 2808 pertinere
854 2742 955 2808 putas,

273 2804 958 2972 &lllllsslissullssessltlllllnlrlr
