2125 3784
325 357 379 403 tr
408 342 715 404 contriciam.
805 358 861 424 3¹3

212 442 250 509 38
266 474 275 502 ‚
291 450 342 508 30.
360 444 399 493 Ab
415 443 525 515 aliisque.
544 447 639 515 Nempe
658 465 671 497 a
691 445 864 516 Pompeianis,

168 516 217 587 qui
233 516 260 566 in
276 516 360 567 Africa
377 531 455 568 erant.

213 604 248 655 39
266 621 274 648 ,
292 606 319 653 7.
334 590 374 640 Εὸ
386 592 497 658 protinus
507 591 602 643 iturum.
613 591 696 662 Vulgo
714 593 737 644 ἃ
754 594 866 664 protinus
966 610 968 617 ·

172 663 272 715 borum.
288 663 448 715 Corteximus
463 682 494 717 ex
510 666 583 733 regiis
598 666 647 716 mss.

211 752 249 799 4ο
265 767 274 794 ,
294 753 321 787 2.
338 738 377 787 Ac
396 738 490 788 mallem
500 738 577 788 illum.
592 739 649 788 Huc
659 755 746 807 nempe
759 742 866 801 venire,

173 820 204 861 ut
218 826 275 860 cum
293 826 325 861 eo
343 812 504 869 collocutus,
522 813 578 862 hinc
596 813 756 864 discederem.

212 882 279 934 lbid.
299 883 344 934 28.
360 883 481 951 Epistulas
495 885 561 935 illas.
577 885 612 950 Q
625 886 753 940 Ciceronis
768 888 798 939 ad
814 887 868 940 Cae·

175 954 254 1009 satem
277 970 362 1009 contra
378 957 418 1007 M.
432 957 542 1009 fratrem.

214 1043 273 1092 41,
293 1030 335 1081 18.
354 1029 519 1081 Pharnaces...
542 1049 630 1081 moram
652 1032 747 1098 afferre.
771 1033 869 1083 Nullam

177 1103 280 1163 attulit,
292 1105 322 1153 de
339 1121 387 1171 quo
408 1104 488 1154 Caesar
504 1105 534 1154 ad
553 1106 660 1155 senatum
680 1106 773 1172 scripsit
789 1105 869 1163 Veni,

178 1174 256 1232 ridi,
274 1177 331 1227 viti.

219 1262 277 1312 43,
293 1265 336 1314 27·
356 1250 489 1320 Igniculum
508 1253 656 1304 matutinum.
674 1253 765 1319 Supple
784 1275 871 1329 φφ,-

181 1323 272 1385 mlr,
289 1323 361 1374 senile
376 1341 384 1376 r
406 1324 530 1392 scripserat
548 1325 645 1377 Atticus
663 1327 723 1377 senis
742 1329 788 1381 esse
812 1333 869 1400 igne

180 1399 301 1451 matutino
322 1398 357 1448 uti
379 1399 428 1449 hoc
450 1412 561 1465 tempore
578 1416 585 1450 r
604 1401 643 1450 cui
663 1401 752 1452 Cicero
769 1404 870 1471 respon·

181 1474 248 1539 det,
269 1472 345 1539 magis
359 1471 431 1522 senile
452 1471 486 1521 est
502 1474 644 1524 memoriold
659 1476 783 1527 vacillare.

218 1563 280 1609 44,
303 1560 327 1594 1.
351 1544 382 1595 ld
403 1546 435 1607 efl
464 1561 482 1595 ν
509 1545 646 1596 Kalendas.
665 1547 701 1597 lta
724 1549 788 1600 reslb
808 1551 869 1619 regii

181 1618 233 1671 mss
248 1611 372 1670 Menddst
387 1620 470 1685 plures
488 1619 566 1678 editi,
586 1620 612 1669 id
627 1620 659 1683 cst
676 1635 700 1670 ιι
713 1621 852 1676 Kalendas.

218 1693 284 1745 lbid.
302 1707 330 1754 4.
343 1690 525 1743 Consabnlatio.

219 1767 285 1818 lbid.
306 1764 436 1830 19..Quid
453 1766 517 1816 enim
536 1764 571 1814 illi
590 1783 654 1817 curae
672 1765 726 1816 est?
745 1782 790 1819 21.
810 1769 871 1822 Vita

183 1840 291 1893 feliciter
306 1840 357 1890 atla
372 1839 413 1890 esi.
435 1848 480 1889 2'2.
500 1838 615 1903 Quaestio.

223 1914 285 1964 lbid.
305 1926 350 1978 ²3·
372 1912 485 1963 Fruc‘sum.
503 1913 528 1962 b.
549 1929 573 1964 e.
592 1912 725 1980 voluptatis
745 1915 771 1967 dt
790 1932 871 1968 rerum

184 1988 338 2057 praesentium
357 1987 432 2038 usum.
830 2028 833 2035 .

220 2077 278 2123 45,
298 2076 323 2124 5.
341 2059 441 2111 Sincere
458 2093 466 2119 ‚
491 2062 543 2111 sine
567 2061 690 2129 praestigiis
710 2060 735 2111 dt
753 2061 821 2113 fuco.
841 2078 871 2127 7.

184 2134 317 2187 Beatorum
335 2133 425 2184 insulae.
445 2149 486 2184 to.
504 2135 619 2190 Affeslu.
636 2135 706 2185 animi
725 2147 802 2186 motu.

221 2208 286 2258 lbid.
306 2206 346 2257 16·
363 2208 456 2257 Nomen
473 2207 555 2266 illud,
573 2211 636 2274 quod
652 2227 667 2257 a
688 2207 785 2275 (ψη.
799 2209 873 2260 Cice-

185 2283 240 2333 roni
262 2281 390 2349 pecuniam
417 2281 523 2331 debebat
540 2283 625 2347 aliquis
643 2298 751 2341 eorum,
769 2300 872 2347 quorum

187 2356 251 2406 bona
267 2354 310 2405 sub
326 2353 387 2404 hasta
405 2354 520 2404 venibant
534 2370 542 2404 t
555 2355 712 2420 permittente
723 2368 803 2404 autem
816 2356 872 2404 Cae-

188 2427 241 2479 sare
261 2440 360 2495 poterat
380 2428 409 2478 ad
430 2444 540 2477 nummos
557 2428 705 2493 pervenire,
724 2428 743 2476 si
762 2439 805 2476 aut
823 2429 874 2494 ipse

188 2502 254 2554 bona
277 2515 371 2552 emeret
393 2535 400 2559 ‚
424 2515 465 2552 aut
491 2498 672 2566 delegationem
697 2502 819 2566 acciperet
845 2503 875 2553 ab

190 2591 222 2625 eo
242 2609 251 2635 ,
270 2576 311 2642 qui
329 2575 438 2634 emisset,
460 2590 501 2624 aut
522 2574 620 2626 Vecht'
640 2574 776 2625 conditione
792 2571 878 2642 s‘mls·

186 2644 259 2715 sun,
279 2649 304 2697 b.
319 2665 345 2699 e.
366 2649 440 2698 debiti
455 2662 524 2713 parte
541 2647 636 2698 dimidia
650 2661 781 2699 contentus
798 2646 877 2704 esset,

191 2720 238 2787 qud
264 2722 407 2772 conditione
429 2723 541 2773 Vesleno
567 2720 704 2773 satisfiebat.
730 2723 767 2771 Ita
795 2721 877 2769 locum

192 2794 309 2845 exhibent
327 2797 388 2864 regii
403 2796 501 2846 codices
517 2829 524 2854 ,
542 2808 569 2845 ut
587 2795 666 2846 voluit
685 2795 751 2846 Frid.
775 2791 878 2843 Grono-

195 2866 255 2919 vius.
274 2869 360 2936 Vulgi)
374 2904 382 2928 ‚
398 2885 439 2918 ant
455 2868 481 2919 V
479 2870 551 2919 osleni
568 2867 725 2918 conditionem
739 2862 838 2932 scmiffe.

229 2942 291 2995 lbid.
308 2959 352 2993 22.
372 2943 481 2995 Metonis
497 2960 580 2996 annus.
600 2940 651 3008 Qui
668 2939 790 2992 constabat
810 2928 881 2992 annis

232 3014 317 3069 Towur
334 3015 414 3071 XIV.
744 3012 769 3066 Ο
