2125 3784
174 397 235 463 320
387 378 640 439 Noram

213 483 273 535 lbid.
298 494 343 545 23.
366 480 409 529 Aa
431 479 544 530 rabulam.
565 480 605 530 Ad
625 478 762 530 aullionem
777 513 785 539 ‚
803 480 848 548 qua

174 560 256 615 tabula
271 552 397 606 auc'liouis¹
406 553 508 621 siguum.

213 631 274 692 85,
301 642 341 692 13·
363 626 472 691 Querula
490 643 529 678 res
551 625 684 677 calamitas.

213 703 247 754 86
266 735 272 759 ,
297 702 323 750 6.
340 701 493 766 specimen,
515 717 547 750 ex
566 717 616 766 quo
637 700 667 750 de
686 710 743 751 toto
760 716 849 766 opere,

175 777 247 846 quale
265 775 371 825 futurum
391 774 440 840 sit²
457 772 558 837 judicari
574 772 663 837 potcll.

213 849 277 900 Ibid.
297 862 342 905 ις.
360 842 428 897 Novi
444 861 466 895 re
485 846 545 894 nihil
563 847 657 897 habere.
678 846 744 898 Frid.
763 840 851 899 Gronoi

177 923 233 975 vius
252 922 368 978 mavult,
386 918 432 968 nisi
446 918 503 967 ιιονί
521 934 544 968 ιι
561 920 624 967 ιιὶΙιὶἱ
642 919 737 971 labere.
899 902 901 959 l

218 996 251 1059 87
265 1028 273 1054 ‚
290 1013 315 1059 7.
336 992 371 1042 Ut
387 992 412 1039 id
425 989 527 1058 ipfirm...
539 990 645 1057 fiaceres.
659 994 696 1045 Ut
710 993 773 1044 domi
785 1006 809 1045 te
823 994 851 1044 io·
900 998 901 1003 ’

179 1070 294 1119 eluderes
312 1067 430 1116 rationum
448 1064 530 1114 causi.

217 1142 281 1193 lbid.
305 1155 347 1197 ις.
366 1138 439 1187 Illam
456 1155 512 1187 rem.
525 1138 592 1186 lllaru
610 1137 659 1188 iani
671 1137 849 1190 aedificationem

221 1214 255 1264 88
272 1249 278 1273 ,
303 1228 324 1273 ς,
345 1211 410 1261 Cum'
426 1209 600 1278 significatione
618 1213 709 1262 amoris
723 1213 804 1263 mutui·
815 1227 849 1262 ιο.

183 1288 320 1338 seneclutis
337 1285 547 1334 oblectamentum.
560 1298 605 1335 21.
623 1283 703 1336 Patris
718 1284 812 1338 familiis
823 1283 851 1336 ol·

182 1360 239 1410 ficio
257 1359 436 1410 convenientia.

219 1433 274 1496 89,
289 1446 316 1496 9.
334 1432 474 1494 Fulviaster.
491 1430 579 1483 Fulvio
594 1431 689 1482 similis.

188 1552 190 1557 .
218 1505 281 1555 Ibid.
306 1506 505 1569 13.v01umma.
536 1505 854 1572 19.Torpedoeumuo

181 1576 251 1629 stitia.
271 1594 315 1640 24·
333 1579 511 1628 Tolerabiliora
528 1579 573 1628 28.
589 1578 804 1630 contubernalem.

220 1666 275 1718 90,
295 1669 320 1703 2.
337 1651 523 1719 Argumentum.

220 1727 283 1777 lbid.
304 1741 346 1775 11.
361 1725 411 1787 Ista
426 1724 564 1775 admonitio.
575 1723 676 1785 Forte,
693 1723 773 1794 inquit
785 1724 860 1776 vido·

184 1800 259 1860 rius,
283 1798 366 1849 Tullia
390 1799 454 1848 diem
484 1799 549 1847 suum
581 1798 702 1859 obierat,
727 1817 797 1867 quum
812 1797 866 1850 esset

183 1875 247 1940 apud
266 1887 359 1939 patrem
377 1871 402 1920 iu
420 1871 569 1920 Tusculano.

220 1960 274 2009 92,
294 1960 337 2009 29.
353 1944 376 1993 A
389 1942 508 1995 Peduceo.
519 1945 542 1993 A
555 1944 614 1994 sexti
625 1941 735 1995 Peducei
752 1945 864 1996 audione.

221 2032 253 2081 93
276 2053 283 2075 ‚
304 2032 329 2082 9.
349 2017 497 2082 Reipublicae
514 2020 704 2077 moderatores,
725 2020 767 2085 qui
780 2020 814 2068 -de
829 2034 865 2067 re·

183 2093 279 2158 publica
303 2091 454 2157 scripserunt·
477 2105 520 2154 15.
548 2091 604 2142 Hoc
623 2090 685 2143 vero
706 2091 803 2144 artent&
818 2108 868 2159 per·

181 2165 337 2215 scrutaberis.

220 2236 281 2286 Ibid.
305 2252 345 2300 ιι).
365 2237 421 2286 Hoc
438 2253 565 2296 metuere,
586 2240 685 2288 alterum
702 2238 727 2288 ιἰι
748 2253 809 2288 metu
824 2255 869 2288 ιιιιι

181 2327 279 2378 ponere.
297 2310 387 2377 Supple
405 2310 531 2362 absurdum
550 2312 605 2362 esse.
624 2313 784 2362 Proverbium
804 2312 870 2378 cujus

185 2383 276 2434 sensum
294 2383 344 2451 ipse
365 2384 455 2449 Cicero
475 2387 553 2452 aperit
570 2387 611 2434 lib.
634 2400 675 2446 14·
695 2402 737 2449 ep.
755 2399 800 2434 ιι.

221 2470 276 2519 94,
295 2472 337 2518 14.
358 2458 486 2525 Descripta
507 2476 537 2508 ex
555 2461 656 2508 aliorum
677 2458 755 2507 libris.
776 2458 815 2508 Sic
832 2474 870 2521 ap·

184 2529 260 2596 pellat
276 2531 349 2579 libros
363 2530 417 2580 suos
432 2532 462 2580 de
472 2532 647 2598 philosophiae
661 2530 759 2582 Gtaecis
777 2530 870 2580 haullos

184 2619 213 2652 ac
229 2619 292 2668 pene
311 2603 453 2666 descriptos.
679 2604 682 2609 ’

222 2689 276 2739 95,
301 2691 344 2737 27.
367 2675 405 2725 De
424 2675 522 2742 Virgilii
539 2690 620 2745 parte.
640 2677 664 2728 ls
680 2693 745 2728 unus
767 2687 819 2728 erat
840 2691 869 2725 ex

185 2749 347 2800 coheredibus
365 2748 512 2815 Scapulanis.

224 2823 279 2885 96,
297 2838 323 2872 2.
343 2822 383 2872 Ne
399 2823 495 2872 turbem.
512 2824 608 2889 Nempe
625 2823 743 2876 rationes.
761 2826 802 2875 Ne
816 2837 871 2874 sou·

185 2897 279 2946 traham
298 2913 330 2946 aes
348 2896 469 2954 alienum,
492 2897 517 2946 &
536 2897 681 2963 decoquam.

222 2968 286 3021 Ibid.
304 2984 349 3035 27.
371 2967 426 3021 Ulli
446 2984 470 3020 ιι
488 2987 561 3038 repar
573 2969 687 3038 scurrilis.
707 2969 812 3025 Primam
831 2986 874 3021 uo·
