2125 3784
186 366 247 452 346
427 367 630 428 11111111

184 471 250 523 suine
263 466 359 521 accusat
373 480 414 520 aus
426 471 507 537 petit,
524 470 542 521 i.
555 487 581 521 e.
595 471 653 538 lege
662 464 687 518 in
697 465 801 535 aliquem
810 465 860 537 agit.

186 548 204 580 ³*
215 545 243 595 ln
258 543 327 594 scena
343 555 425 594 autem
435 544 569 594 histriones.
582 543 621 593 Ad
637 543 672 607 Q.
689 542 731 592 Fr.
747 557 769 590 1.
784 543 859 598 1,16.

186 617 284 669 Arium
300 616 417 679 industrii.
442 618 527 668 caecil.
547 633 591 680 15.
613 617 704 667 afforis
722 612 860 682 J'ecundcuaae

187 690 365 741 abstersionem
378 690 490 759 portion.

225 764 387 816 Acronum
398 765 423 815 &
434 762 599 815 aduariolum.
607 760 665 816 Ast.
676 777 689 826 5
701 761 736 821 ,6
746 761 771 814 bt
783 777 824 822 ro,
832 775 861 811 ιι.

186 836 292 890 Navium
304 855 381 905 genus
390 839 446 889 inde
464 838 568 897 dissum,
587 838 656 904 quod
672 837 787 887 celeriter
801 835 860 887 renis
896 870 898 877 ·

186 912 258 980 agip
242 908 346 978 possent

226 985 376 1035 6011111111.
391 982 490 1034 Cluent.
507 997 551 1046 55.
567 979 822 1050 aculeussmntasis,
834 979 860 1031 ds

187 1053 860 1127 judicibus-Atos18.aculeifoldicitudinm.8ull.

193 1131 238 1182 16.
255 1131 308 1182 noli
320 1128 423 1197 exsuffos
439 1147 482 1178 acu
483 1130 534 1180 leos
550 1129 670 1180 orationis
685 1147 740 1181 nau
754 1126 858 1178 albrad

192 1205 241 1256 Or.
261 1219 302 1269 3,
321 1218 366 1269 34.
386 1203 481 1253 aculeos
496 1204 655 1270 relinquere'
644 1221 671 1252 an
690 1201 817 1256 mentibus,
832 1200 858 1249 de
903 1194 906 1277 i

192 1290 314 1336 oratore,
336 1278 377 1344 qui
395 1294 424 1327 ea
442 1276 524 1336 dicit,
545 1294 599 1343 quae
620 1276 794 1327 descendunt'
787 1272 858 1324 naui·
900 1286 905 1325 j

191 1367 269 1409 mos,
295 1367 348 1416 que
374 1349 502 1400 audientes
524 1350 671 1409 stimulant,
697 1362 776 1416 neque
790 1348 858 1400 sindus

191 1423 315 1490 quiescere
332 1456 339 1481 ,
361 1423 441 1473 donec
464 1423 601 1474 faciuntea
620 1457 628 1482 ,
652 1440 709 1490 quae
728 1421 795 1474 suasit
811 1434 858 1469 on·

190 1509 240 1548 tor.
259 1495 395 1547 *Fallaces
415 1497 639 1556 conclusiunculae,
657 1497 807 1564 sophismata.
821 1492 859 1543 111·

192 1571 241 1621 cul.
261 1583 305 1635 31.
323 1569 388 1620 Hinc
403 1570 462 1620 ibid.
480 1586 524 1633 24.
544 1584 656 1621 conrom
673 1571 698 1621 6
712 1569 819 1620 academ
829 1561 861 1634 1⁴⁰·

189 1640 314 1713 pdismara.

230 1717 371 1768 1111111111.
393 1717 581 1769 Dialesiicorum
603 1717 749 1784 sophismata
767 1715 863 1766 deuant

194 1791 311 1842 acumina.
329 1791 376 1843 Or.
396 1807 431 1850 2,
448 1791 491 1857 38.
504 1795 519 1824 *
531 1792 593 1841 lbid.
613 1805 658 1856 29.
674 1809 772 1842 acmen
788 1788 864 1841 orosio·

194 1865 231 1915 nis
247 1864 280 1914 est
299 1865 414 1915 subtilitas
435 1898 443 1924 ,
461 1864 507 1932 qui
525 1865 550 1914 in
567 1865 717 1931 explicando
739 1867 765 1916 &
780 1861 865 1914 ratioci-

194 1939 274 1988 nando
296 1938 372 1986 utitur
394 1952 486 1988 orator.
503 1942 517 1970 *
535 1940 593 1987 Nat.
612 1939 648 1988 D.
672 1954 712 1996 2,
732 1952 760 2003 3.
778 1939 802 1988 81
817 1937 865 1986 Dis.

194 2026 231 2068 2,
255 2009 299 2074 36.
325 2005 430 2077 auspicia
451 2028 481 2059 ex
501 2010 670 2068 acuminibus,
693 2029 749 2078 quar
768 2011 812 2061 sint
825 2023 865 2059 11011

191 2081 248 2135 satis
265 2081 366 2132 constat.
592 2143 594 2146 Ι

228 2153 400 2207 acuamus.
407 2157 466 2205 Nat.
474 2154 509 2207 D.
519 2168 532 2219 3
541 2190 552 2213 ,
561 2173 588 2220 7.
596 2154 706 2208 Zenonis
716 2158 817 2208 acutula
826 2172 873 2206 con·

191 2227 309 2278 elisiones
323 2262 333 2284 ‚
352 2229 369 2277 i.
387 2246 411 2278 e.
426 2242 568 2288 contortae,
587 2231 665 2282 exiles
677 2231 730 2282 &o
744 2251 799 2299 quae
810 2245 872 2299 quun

190 2301 341 2360 audiuntur,
357 2301 415 2352 nihil
432 2306 517 2354 contri
533 2304 580 2353 dici
596 2303 664 2369 posse
680 2306 798 2364 videtur,
814 2316 875 2353 cete·

191 2373 245 2428 tin
263 2375 366 2427 animum
385 2394 434 2427 non
452 2391 562 2428 novent-
578 2377 645 2429 Vide
660 2377 739 2428 Tusc.
763 2393 801 2439 5,
823 2391 845 2437 5.

229 2450 407 2512 Anorcm,
419 2453 443 2503 in
451 2451 597 2502 auilionibus
607 2452 633 2500 61
643 2451 809 2518 emptionibus
818 2446 876 2500 estei

191 2523 290 2573 tradere
303 2540 355 2574 rem
370 2527 430 2591 ,qui
441 2539 539 2576 ceteros
556 2523 693 2576 licitatores
710 2525 781 2576 vicit.
797 2522 875 2574 Rabir.

190 2594 257 2647 Post.
277 2611 319 2661 17.
336 2598 425 2649 Addici
437 2615 528 2649 nummo
541 2593 650 2664 sestertio
666 2599 750 2657 reiis,
766 2599 784 2648 i.
803 2614 826 2646 e.
837 2594 877 2645 ni·

191 2671 257 2721 nimo
272 2671 362 2737 pretio.
374 2676 389 2706 ¹*
401 2673 443 2722 De
455 2672 623 2730 debitoribus,
641 2672 683 2738 qui
700 2688 777 2741 quum
787 2671 876 2721 solvere

192 2743 366 2810 nonpossint,
384 2747 499 2798 creditori
508 2745 646 2796 traduntur.
656 2745 724 2796 Hinc
735 2745 821 2812 Quint·
832 2753 875 2806 30·

192 2818 319 2885 cupiditati
336 2822 445 2871 addicere
463 2820 588 2886 aliquem,
608 2818 641 2869 est
658 2821 821 2870 condemnate
832 2830 879 2881 pto

190 2891 269 2942 lubitu
287 2895 400 2964 petitoris
418 2907 460 2945 aut
479 2893 638 2943 accusatoris.
655 2893 720 2944 Red.
744 2909 779 2952 1,
796 2907 822 2955 7
837 2890 881 2938 «ὦ

189 2964 270 3018 dicere
280 2960 392 3036 ‚dnonas
410 2968 469 3020 ciris
485 2965 575 3055 oprimi
590 2966 669 3019 meriti
689 3000 699 3028 ,
719 2967 774 3020 scii.
790 2961 883 3018 libidini
