2125 3784
235 400 298 460 ‘An
318 388 522 458 Ar'rrcvnr
540 386 629 457 ιω.
646 387 718 457 XI.
769 410 819 483 37

132 523 198 568 tunt
217 505 345 577 sadum,
365 524 453 584 quum
468 504 517 563 illa
534 522 662 584 quaerere
679 521 821 584 coeperat.

132 589 210 647 Non
226 585 315 644 credo
330 602 360 643 te
375 586 547 655 commorit3
566 604 659 664 neque
677 587 755 644 enim
769 606 820 645 ro·

137 669 281 747 garit3ne
304 682 351 724 me
372 665 499 746 quidem.
521 663 580 725 Sed
601 669 681 746 quasi
700 667 739 724 ita
760 668 820 739 sit,

139 748 274 826 quoniam
294 744 323 804 in
342 743 505 806 sermonem
524 743 584 823 jam
604 743 731 817 venisli,
757 766 821 825 po·

137 829 207 886 tetis
226 845 291 887 earn
311 845 455 900 monere,
475 842 508 886 ut
524 826 611 886 alicui
629 827 821 901 committat,

138 903 217 985 cujus
234 922 316 968 entra
331 909 492 988 perieulum
509 903 594 984 hujus
616 906 685 966 belli
704 905 820 967 fortuna

137 989 183 1048 sit.
202 984 346 1068 Equidem
371 987 424 1048 tihi
448 989 634 1068 potiss'nnhm
656 987 821 1056 velim,si

133 1068 215 1128 idem
231 1068 281 1128 illa
303 1067 414 1128 vellet:
437 1087 524 1148 quam
543 1067 661 1148 quidem
680 1067 745 1127 celo
764 1068 822 1126 mi·

134 1148 249 1221 seram,
264 1167 314 1208 me
328 1150 360 1206 in
374 1148 434 1206 hoc
449 1151 564 1207 timere.
578 1145 628 1207 De
645 1148 696 1205 illo
714 1149 823 1221 altero,

134 1227 197 1288 scio
211 1226 349 1308 equidem
365 1228 466 1288 venire
480 1246 557 1287 nune
571 1227 642 1285 nihil
657 1224 756 1307 polle3
775 1226 825 1288 sed

135 1307 240 1388 seponi
261 1309 294 1369 δι
309 1310 447 1369 occultari
465 1307 598 1389 possunt,
618 1327 650 1368 ut
667 1324 748 1367 extra
764 1309 824 1366 rui·

136 1410 206 1449 nam
226 1391 282 1449 sint
299 1409 384 1463 eam,
398 1408 462 1469 quae
476 1389 636 1469 impendet.
654 1387 731 1447 Nam
744 1387 825 1468 quod

137 1468 256 1542 scribis,
272 1470 357 1529 nobis
373 1467 512 1530 nostra&
528 1488 578 1530 tua
593 1468 741 1530 Terentiae
759 1467 824 1529 fote

140 1566 266 1626 parata:
286 1565 336 1609 tua
361 1551 472 1625 credo;
493 1549 587 1609 nostra
606 1565 670 1630 quae
687 1565 827 1629 poterunt

146 1624 206 1683 esse
218 1626 229 1684 l
249 1625 300 1686 De
313 1629 453 1688 Terentia
465 1647 561 1688 aurern
579 1628 594 1707 (
608 1633 693 1687 mitto
708 1647 825 1702 cetera,

131 1724 212 1784 -quae
223 1702 287 1763 sunt
299 1707 515 1766 innumerabilia
529 1706 544 1785 )
560 1709 630 1784 quid
642 1709 745 1767 adhoc
758 1708 826 1768 addi

143 1783 271 1864 potest?
290 1785 468 1865 scripseras,
490 1804 520 1844 nt
540 1784 609 1844 H-S
630 1802 690 1843 xu
709 1805 830 1863 permu-

139 1868 218 1925 taret
225 1886 235 1938 ;
258 1882 369 1924 tantum
385 1865 442 1925 esse
462 1866 604 1944 reliquum
626 1864 663 1924 de
682 1883 828 1947 argento:

140 1949 219 2006 misit
233 1944 283 2003 illa
303 1944 406 2008 ccloo
424 1945 513 2018 mihi,
532 1945 564 2005 &
582 1944 747 2026 adscripsit,
761 1964 827 2006 tan·

139 2046 202 2087 rum
223 2024 280 2086 esse
305 2026 468 2106 reliquum:
490 2046 580 2106 quum
601 2026 657 2086 hoc
676 2047 735 2086 tarn
753 2048 824 2108 par-

139 2128 210 2167 vum
232 2106 268 2165 de
287 2127 379 2186 parvo
401 2107 578 2180 detraxerit,
600 2106 733 2187 perspicis
754 2108 824 2189 quid

139 2190 170 2246 in
194 2189 323 2247 maxima
348 2207 378 2247 re
406 2185 537 2247 fecerit?
566 2186 734 2248 Philotimus
763 2209 824 2250 non

138 2267 234 2328 modo
257 2269 351 2327 nullus
370 2271 480 2339 venit,
507 2265 559 2326 sed
582 2287 618 2327 ne
643 2288 695 2347 per
716 2270 824 2330 litteras

140 2348 289 2429 quidem,
313 2363 361 2407 ant
379 2368 431 2427 per
452 2347 585 2406 nuntium
606 2352 761 2408 certiorem
779 2348 824 2411 fa·

139 2432 180 2488 cit
200 2448 250 2486 me
276 2429 345 2506 quid
362 2430 463 2508 egerit.
481 2425 597 2506 Epheso
618 2431 667 2508 qui
684 2432 823 2504 veniunt,

140 2509 182 2568 ibi
206 2505 234 2567 se
258 2524 327 2564 eum
355 2508 391 2565 de
419 2507 479 2566 suis·
499 2510 701 2569 controversiis
724 2513 753 2570 in
778 2509 825 2589 jus

146 2589 303 2647 adeuntem
324 2584 424 2647 vidisse
445 2589 597 2648 nuntiant:
621 2611 685 2670 quae
703 2588 827 2670 'quidem

146 2674 161 2743 (
180 2670 221 2725 ita
243 2670 322 2726 enim
343 2668 504 2728 verisimile¹
525 2667 565 2728 est
584 2667 598 2750 )
618 2672 648 2730 in
666 2670 826 2732 adventum

143 2745 266 2807 casaris
284 2746 397 2809 sortasse
419 2747 605 2828 rejiciuntur:
629 2754 667 2810 ita
688 2771 735 2811 aut
753 2747 827 2808 nihil

142 2847 216 2906 puto
233 2848 301 2888 eum
318 2829 446 2904 habere,
461 2831 542 2910 quod
560 2846 643 2930 putet
657 2832 693 2890 ad
710 2849 759 2889 rne
776 2840 827 2886 ee-

144 2907 229 2970 letiht
241 2908 470 2995 perferendum,
484 2912 522 3000 .&
540 2930 579 2972 eo
594 2931 644 2974 me
661 2911 753 2990 magis
769 2904 829 2979 3¹3⁸
