2125 3784
257 393 324 460 194
434 365 744 433 EPISTOLAE

249 484 311 563 ejus
328 496 504 561 apparatus,
524 480 555 540 δι
573 479 704 553 Matius,
721 499 756 538 ac
774 478 936 545 Postumius

249 564 319 626 milri
327 578 528 644 procuratores
538 582 599 621 non
610 562 734 642 placent.
743 558 865 624 Saserna
878 566 938 626 col-

249 647 314 725 lega
331 642 444 724 dignus.
456 642 515 704 Sed
535 641 577 704 illi
598 661 725 715 omnes,
740 646 939 722 quemadmo-

249 726 318 787 dum
342 723 454 797 sentis,
474 744 536 785 non
568 725 662 784 minirs
691 724 786 785 otium
814 729 940 803 timent,

249 805 337 887 quim
350 827 405 865 nos
421 827 509 866 arma.
527 804 650 865 Balbum
661 806 752 866 levari
764 807 878 869 invidia
910 830 940 871 er

248 886 304 948 nos
324 888 433 959 velim;
454 887 503 948 sed
529 906 567 947 ne
591 887 650 968 ipse
677 886 799 968 quidem
825 890 857 950 id
880 830 941 951 uperi

248 967 331 1051 polle
352 966 496 1029 confidit:
516 969 613 1048 itaque
636 968 690 1029 alia
708 971 828 1050 cogitat.
847 969 940 1051 Quod

170 1124 174 1130 .
246 1053 345 1132 ¹prima
362 1049 516 1193 diffutatio
538 1048 701 1110 Tusculana
720 1068 749 1110 te
771 1050 940 1129 confirmat,

252 1133 320 1194 sane
337 1154 391 1216 gau
413 1153 451 1194 eo
468 1153 477 1205 ;
498 1151 593 1213 neque
614 1134 692 1192 enim
708 1131 801 1191 ullum
821 1133 864 1194 est
877 1154 942 1217 per-

252 1214 366 1298 fugium
384 1231 431 1275 aut
448 1214 573 1286 melius,
591 1230 640 1274 aut
663 1215 801 1293 paratius.
813 1214 942 1277 Flamma

274 1297 334 1357 uod
360 1296 435 1356 bene
461 1296 615 1374 loquitur,
632 1315 694 1356 non
720 1293 847 1359 moleste
870 1294 943 1359 fero.

253 1319 522 1460 1lLyndatitanorum
541 1374 645 1451 causa,
662 1375 699 1436 de
716 1393 846 1458 quaram
857 1378 944 1440 labo·

254 1481 299 1519 ras
312 1503 321 1532 ‚
332 1478 396 1539 quae
411 1458 447 1516 sit
458 1458 573 1540 ignoro.
583 1456 650 1518 Hos
660 1474 770 1518 tamen.
778 1459 944 1521 Πιπίλοιποι

256 1559 379 1601 movere
396 1536 446 1598 illa
462 1539 623 1613 videntur,
639 1541 669 1599 in
689 1541 790 1620 primis
814 1540 943 1623 erogatio

254 1624 393 1705 pecuniae.
414 1618 463 1680 De
484 1619 628 1681 Alexione
648 1620 738 1681 doleo
752 1641 762 1694 ;
779 1618 831 1681 sed
847 1640 944 1703 ,quo-

254 1707 335 1765 niam
347 1702 487 1764 inciderat
500 1705 529 1762 in
539 1705 580 1762 ita
591 1722 713 1785 gravem
722 1702 881 1779 morbum,
896 1701 945 1763 be-

256 1807 295 1848 ne
315 1783 408 1846 adum
427 1805 493 1843 cum
512 1783 564 1844 illo
583 1783 706 1845 arbitror
725 1803 734 1843 τ
755 1803 831 1865 quos
848 1800 944 1844 tamen

257 1868 398 1928 secundos
418 1865 564 1940 heredes,
580 1863 651 1926 scire
670 1864 805 1943 vellem,
821 1865 852 1929 ἃ
863 1864 945 1927 diem

257 1947 427 2011 testamenti.

356 2063 519 2127 Crcruo
553 2064 720 2130 Arrrco
751 2064 841 2131 SAL.

262 2149 334 2263 3.U
347 2206 367 2247 n
377 2206 399 2247 n
413 2206 519 2248 norm
530 2205 553 2249 o
572 2187 699 2250 Kalend.
712 2189 815 2269 accepi
833 2189 865 2248 in
880 2184 946 2249 Ati·

261 2268 320 2326 nati
344 2268 414 2330 duas
437 2267 572 2351 epistolas
595 2285 684 2344 tuas,
707 2270 813 2352 quihus
838 2267 946 2331 duabus

260 2350 333 2409 meis
354 2349 524 2433 respondisti
541 2368 550 2410 ·:
570 2372 628 2411 una
642 2367 704 2412 erat
719 2370 766 2411 xv
780 2350 848 2411 Kal.
861 2351 947 2412 altera

260 2446 314 2490 xrr
334 2432 399 2495 data
416 2454 424 2494 t
440 2434 477 2494 ad
493 2433 670 2515 superiorem
687 2436 697 2492 i
719 2436 774 2493 itur
787 2434 876 2513 prius.
887 2432 947 2491 Ac·

262 2532 357 2574 curres
373 2519 401 2576 in
413 2515 630 2589 Tusculanum,
646 2532 679 2576 ut
694 2454 792 2575 {nbis
806 2535 814 2574 ε
830 2514 947 2596 quotue

261 2611 298 2653 vr
312 2595 378 2658 Kal.
389 2614 544 2658 venturum
562 2596 730 2658 arbitrabar.
740 2595 837 2674 Quod
854 2595 948 2656 scribis

159 2737 165 2743 ,
261 2678 422 2756 parendum
441 2676 620 2739 vilioribus:
638 2700 699 2738 non
722 2679 792 2738 mihi
811 2677 949 2761 quidem,

124 3253 222 3426 Ἴ

262 2761 306 2817 cui
326 2759 389 2819 sum
405 2757 496 2818 multa
511 2761 637 2841 potiora.
650 2759 727 2820 Nam
740 2759 811 2833 illa,
861 2778 886 2817 ae
899 2776 951 2817 re·

262 2841 387 2900 cordatis
414 2839 540 2901 Lentulo
563 2839 595 2901 &
617 2840 762 2902 Marcello
785 2860 820 2901 co
843 2881 852 2900 .
875 2836 951 2900 fasta

259 2921 290 2979 in
311 2919 373 2982 aede
395 2919 563 3003 Apollinis;
581 2943 636 2984 nec
657 2922 740 2985 causa
759 2921 865 2986 eadem
885 2918 948 2996 est,
