2125 3784
195 384 265 459 ¹30
376 365 679 436 Euisroun

191 482 260 541 dem
273 480 427 541 litterarum
442 479 453 540 ἓ
466 502 502 540 an
515 502 575 542 non
587 482 683 544 vidit?
700 482 790 546 facies
803 502 875 571 ergo

189 580 222 622 ut
239 559 337 621 sciam.
361 557 448 639 Quid
466 563 518 623 tibi
538 583 595 645 ego
616 563 654 624 de
674 562 811 628 Varrone
831 584 875 631 tea

189 640 332 703 scribam?
345 659 469 724 quatuor
485 643 616 719 irpinisi
632 644 739 706 suntin
755 664 805 708 tua
821 671 873 730 po·

191 721 309 785 testate:
329 723 410 806 quod
423 726 536 806 egeris,
551 725 581 782 id
597 726 739 804 probabo.
757 728 823 790 Nec
836 749 875 792 ra·

192 824 261 865 men
281 803 403 881 calliopae
419 812 525 875 τμῗιιςε
544 805 615 886 quid
628 808 733 868 enim?
753 808 805 870 sed
821 814 875 892 ipsi

191 885 280 966 quim
296 904 342 944 res
358 884 407 943 illa
424 885 614 964 probaretur,
629 891 722 969 magis
741 891 873 953 verebar.

190 966 250 1028 Sed
263 967 402 1050 quoniam
411 982 442 1026 tu
454 964 587 1047 suscipis,
599 969 629 1026 iu
637 969 756 1029 alteram
767 992 875 1034 aurem.

306 1085 468 1150 thttto
495 1082 649 1148 Attico
676 1087 760 1151 Sur..

195 1172 313 1297 „Du
329 1214 493 1273 retentione
509 1209 639 1291 rescripsi
656 1211 693 1271 ad
709 1228 772 1271 tuas
787 1232 874 1274 accu-

191 1297 253 1357 rati
272 1292 390 1374 scriptas
409 1295 539 1353 litteras:
557 1291 694 1353 conficies
715 1295 825 1374 igitur,
844 1295 873 1355 δι

192 1378 312 1457 quidem
330 1375 392 1434 sine
410 1374 470 1432 ulla
486 1372 687 1447 dubitatione,
703 1393 752 1434 aut
769 1393 874 1435 retrec-

191 1460 319 1518 tatione:
335 1453 393 1514 hoc
408 1451 470 1514 sieri
484 1453 514 1512 &
532 1473 671 1532 oportet,
687 1455 718 1512 δι
733 1475 809 1536 opus
826 1453 875 1518 est.

192 1534 243 1598 De
265 1534 457 1595 Andromene
478 1552 511 1595 ut
525 1532 645 1604 scribis,
664 1536 703 1593 ita
724 1555 872 1615 putaram:

191 1616 284 1679 stilles
298 1617 394 1690 enim;
404 1617 533 1696 mihique
542 1613 719 1675 dixisses.Tu
728 1634 828 1677 tamen
836 1619 874 1679 itt

193 1699 264 1760 mihi
275 1698 312 1758 de
324 1695 413 1758 Bruto
423 1696 537 1770 scribis,
553 1715 584 1757 ut
595 1696 632 1757 de'
644 1715 672 1756 te
686 1697 773 1755 nihil:
783 1694 875 1779 quau·

193 1780 234 1841 do
250 1798 346 1841 autem
364 1778 445 1839 illum
465 1777 571 1859 putas?
589 1782 657 1836 nam
674 1797 731 1856 ego
746 1777 875 1839 Romam

191 1863 285 1942 pridie
303 1859 383 1920 ldus.
394 1858 484 1919 Bruto
500 1862 540 1918 ita
552 1858 633 1916 volui
651 1856 773 1914 scribere
793 1858 807 1938 (
827 1858 875 1933 sed

191 1942 329 2021 quoniam
349 1958 381 1998 tu
396 1955 426 1998 te
445 1937 541 2019 legisse
558 1936 678 2029 scflbssy
689 1933 739 2026 ‚fui
757 1934 874 2002 sortasse

190 2015 874 2178 azimi,'nl‘qinipsslffili'l‘illisi

190 2177 319 2241 Romam
341 2199 417 2239 nunc
438 2181 549 2238 venire.
572 2176 631 2237 Sed
655 2180 794 2258 quoniam
814 2179 873 2258 jam

190 2259 270 2322 adest
287 2278 369 2321 meus
388 2260 546 2332 adventus,
559 2259 605 2317 sac
623 2258 717 2339 quaeso
730 2304 738 2327 ‚
753 2261 872 2343 nequid

190 2358 261 2402 eum
273 2340 341 2402 ldus
354 2342 532 2421 impediant,
546 2341 605 2420 quo
621 2340 716 2399 minus
729 2338 780 2401 suo
794 2361 871 2401 com·

191 2426 284 2485 modo
309 2426 337 2482 in
358 2421 522 2483 Tusculano
541 2425 595 2480 sit:
612 2441 667 2481 nec
685 2422 763 2481 enim
780 2423 817 2481 ad
830 2440 873 2482 ta·

191 2503 289 2565 bulam
316 2523 384 2563 eum
407 2504 618 2567 desideraturus
639 2522 718 2563 eram
737 2522 747 2573 ;
771 2506 801 2561 in
821 2504 872 2562 tali>

191 2589 270 2649 enim
297 2605 334 2645 ne
356 2585 417 2645 otio
437 2606 486 2647 cur
508 2603 540 2643 tu
558 2605 631 2644 unus
652 2603 712 2640 non
731 2582 796 2643 satis
813 2583 873 2643 es?

190 2664 239 2730 sed
259 2665 296 2728 ad
315 2683 344 2726 te
370 2683 517 2726 amentum
534 2664 671 2726 volebam
687 2682 696 2734 ;
718 2661 870 2743 quodiam

192 2750 269 2811 malo
287 2742 345 2807 alio
365 2746 412 2806 die
429 2767 438 2819 ;
464 2764 501 2805 ne
523 2745 563 2805 ob
580 2765 650 2808 eam
672 2742 785 2803 causam
805 2743 870 2803 Ro·

191 2853 271 2892 mam
284 2825 392 2889 venisse
406 2826 515 2888 videar.
529 2825 636 2909 Scripsi
651 2826 737 2907 igitur
750 2825 787 2885 nd
800 2823 872 2885 Bru·

189 2932 251 2974 tum
270 2958 281 2988 ,
300 2907 359 2993 jam
377 2907 448 2970 illud
467 2953 477 2982 ,
503 2908 584 2992 quod
605 2906 768 2989 pritesen,
795 2904 872 2966 ldib.
