2125 3784
427 194 438 278 j

265 378 312 464 46
448 373 701 440 Enzsron

365 504 532 571 Ciceuo
563 505 728 568 Αττιεο
758 501 846 564 Suu.

264 652 294 707 4.
309 598 355 690 O
373 650 531 694 cannas
543 650 604 694 tuas
616 633 686 692 mihi
697 629 892 712 jucundasque
903 633 951 695 lin

264 731 338 774 teras
351 713 359 772 l
374 713 443 794 quid
457 715 579 794 quaeris?
593 711 735 774 restitutus
749 709 790 772 est
802 715 874 773 mihi
888 713 948 775 dies

263 790 370 852 festus:
393 795 518 875 angebar
539 797 618 854 enim
633 839 643 864 ‚
659 793 739 873 quod
757 790 831 853 Tiro
853 796 947 871 lungae·

267 877 358 947 llum
379 891 408 935 te
427 875 481 935 sibi
501 871 557 936 esse
579 873 672 934 visum
693 874 813 933 dixerat.
831 871 949 941 Addam
986 848 989 957 l

266 952 369 1033 igitur,
384 974 415 1015 ut
429 953 547 1028 censes,
560 976 650 1015 unum
665 955 751 1015 diem.
764 952 823 1015 Sed
837 952 875 1015 de
890 952 948 1015 Ca·

266 1049 337 1093 tone
357 1035 502 1115 Ιςοῗλιμκ
523 1034 696 1112 Α’ρχιμηῖειον
715 1032 766 1096 est.
786 1032 857 1093 Non
878 1032 949 1097 affe·

266 1132 340 1194 quor
360 1134 392 1175 ut
411 1114 551 1188 scribam,
571 1114 651 1196 quod
672 1116 712 1174 tui
731 1117 866 1175 convivae
888 1135 948 1183 noo

269 1193 362 1254 modo
384 1195 536 1270 libenter,
563 1194 612 1256 sed
634 1197 722 1256 etiam
742 1216 829 1276 aequo
850 1197 949 1257 animo

266 1274 365 1355 legere
387 1278 519 1356 possint:
541 1278 611 1354 quin
632 1277 740 1349 etiam,
759 1278 783 1334 si
799 1297 818 1336 a
834 1273 950 1337 semen-

266 1356 312 1412 tiis
326 1351 389 1425 eius
405 1353 503 1426 diuis,
517 1355 540 1412 si
553 1355 590 1412 ab
604 1357 684 1414 omni
696 1356 866 1431 voluntate,
879 1375 955 1416 con·-

266 1431 391 1513 siliisque
407 1481 415 1505 ‚
431 1453 495 1514 quae
513 1431 551 1492 de
567 1436 713 1514 republica
731 1437 850 1511 habuit,
868 1455 951 1497 rece·

267 1511 357 1586 dam,
375 1515 523 1594 dandaque
545 1516 634 1574 velim
656 1519 857 1596 gravitatem,
876 1534 951 1577 ¹con-

267 1588 454 1675 staniiamque
474 1591 537 1671 ejus
554 1593 692 1670 laudare;
712 1597 768 1658 hoc
787 1596 882 1677 ipsum
901 1613 952 1656 ta·
987 1620 989 1677 j

269 1695 338 1735 men
358 1672 414 1734 istis
441 1674 573 1735 odiosum
598 1676 714 1754 οἴκημα
733 1681 778 1738 sit.
800 1676 859 1738 Sed
882 1677 952 1741 vetd
987 1682 989 1701 '

270 1754 379 1817 laudari
401 1755 449 1817 ille
471 1757 516 1816 vir
535 1776 596 1816 non
620 1754 735 1834 potest,
751 1758 806 1816 nisi
820 1757 883 1814 haec
899 1779 954 1817 or·

270 1857 338 1898 nata
358 1841 432 1902 sinn
452 1836 532 1908 quod
552 1837 601 1893 ille
622 1855 676 1904 ea,
691 1857 754 1909 quae
773 1854 849 1891 nunc
867 1834 955 1910 sunt,

272 1918 304 1975 δι
321 1917 413 1989 futura
427 1909 553 1981 viderit,
568 1911 599 1967 &
615 1929 653 1967 ne
667 1909 771 1969 fierent
787 1913 955 1975 contende.

270 1996 323 2059 rit,
345 1989 399 2062 δι,
414 1988 488 2050 falla
507 2008 544 2050 ne
562 1988 695 2062 videret,
714 1992 806 2050 vitam
823 1992 953 2074 relique·

269 2072 315 2128 rit.
335 2067 450 2130 Horum
471 2071 540 2152 quid
561 2068 626 2145 est,
647 2070 727 2150 quod
749 2069 858 2132 Aledio
878 2096 953 2154 pro·

271 2150 339 2209 bare
353 2152 517 2230 possimus?
532 2150 582 2212 sed
595 2173 680 2224 cura,
695 2151 835 2228 obsecro,
850 2171 882 2214 ut
901 2178 953 2217 va·
987 2152 989 2175 ²

270 2229 349 2305 leas,
368 2251 511 2313 eamque,
529 2255 615 2314 quam
633 2233 669 2292 ad
687 2255 791 2294 omnes
809 2256 854 2296 res
871 2236 953 2314 adhi-

271 2310 343 2384 bes,
361 2313 389 2370 in
407 2317 503 2392 primis
520 2315 557 2374 ad
572 2313 832 2375 convalescendum
849 2316 952 2379 adhibe
986 2324 989 2329 '

272 2392 464 2470 prudentiam.

387 2512 544 2575 Cicauo
571 2510 733 2576 Αττιοο
759 2517 841 2581 Sne.

277 2599 520 2719 5.QU1NTvs
543 2658 625 2719 pater
644 2644 800 2722 quartum,
821 2644 871 2706 vel
892 2666 953 2726 po-
986 2656 989 2661 '

273 2716 328 2775 tius
349 2717 530 2777 millesimum
555 2721 623 2778 nihil
646 2725 747 2802 lapit‚
776 2726 825 2804 qui
844 2725 953 2785 laetetut

275 2794 408 2875 Luperco
428 2795 486 2857 filio
505 2798 536 2857 &
552 2798 663 2874 Statio,
686 2821 717 2864 ut
734 2822 831 2864 cernat
848 2805 953 2884 duplici
986 2786 989 2885 l

274 2877 419 2940 dedecore
436 2880 610 2940 cumulatam
628 2881 765 2944 domum:
777 2886 853 2947 addo
866 2889 954 2948 etiam
987 2922 989 2929 ·
