2125 3784
297 398 354 445 un
375 376 688 445 Contemnunt.
771 397 829 464 323

174 495 254 548 109,
277 495 321 547 23.
341 482 470 532 Probabile
485 480 559 547 fratri
571 482 652 548 fm'ffe.
674 485 770 550 Nempe
790 488 830 537 le·

130 571 242 631 gutum,
263 573 312 606 non
330 554 392 606 verb
409 556 433 605 in
453 556 540 606 decern
558 557 664 625 legatis,
682 558 755 609 rebus
771 576 828 626 pto·

136 633 229 687 vincia
243 629 430 695 componendis.

87 702 89 707 ¹
171 707 238 757 lbid.
254 720 299 766 24.
311 702 464 771 Torquatum.
478 702 576 754 Librum
589 718 614 756 1.
625 704 654 755 de
666 704 764 757 Finibus
781 705 831 759 bo·

136 796 239 833 norum.

175 867 225 904 ιιι
242 885 251 911 ,
270 866 296 902 2.
322 847 371 922 Qui
390 868 465 918 nuper
479 851 521 913 est.
540 849 641 903 Addunt
656 853 714 904 editi
731 852 829 920 quidam

133 941 257 984 mortuus,
273 942 343 991 quam
362 941 449 975 vocem
464 926 578 992 ignorant
596 928 715 987 codices,
734 928 828 979 solitam

135 1002 168 1053 ab
184 997 291 1066 antiquis
307 998 438 1064 supprimi,
457 999 592 1065 euphemiae
609 1002 691 1052 causi.

172 1072 238 1125 lbid.
258 1084 302 1137 13.
319 1071 427 1123 Maxime
444 1073 580 1137 probabile.
600 1090 646 1134 25.
660 1073 799 1126 Probabile.

176 1160 229 1197 112
244 1178 253 1204 ,
272 1158 298 1210 3.
314 1148 366 1194 Aut
376 1147 398 1194 si
414 1145 501 1196 Silium
513 1145 610 1197 videris.
625 1146 829 1212 Coniuniiionem

137 1218 161 1271 ui
177 1219 294 1270 omittunt
308 1218 402 1287 vulgati
418 1251 425 1276 ,
445 1236 515 1285 quam
531 1220 627 1271 servant
642 1222 703 1289 regii
720 1223 832 1273 codices.

139 1292 219 1345 Iidem
233 1291 305 1359 paulb
320 1291 392 1358 pbst,
408 1310 437 1341 ac
452 1292 537 1343 vellem
556 1308 604 1344 tum
621 1310 647 1344 tu
663 1294 770 1361 adeffes:
788 1295 830 1345 ubi

140 1366 254 1434 vulgati,
267 1383 296 1415 ae
311 1365 416 1425 uellem,
434 1385 500 1433 quum
519 1366 627 1433 adeffls:
644 1368 669 1418 δι
684 1369 763 1428 infre,
777 1369 831 1419 misi

138 1440 245 1507 equidem
260 1439 284 1490 ei
298 1440 404 1489 nuntiari
420 1473 429 1498 ,
447 1456 492 1507 pro
513 1443 633 1511 vulgato,
645 1440 708 1509 jussi
725 1442 830 1510 equidem

139 1514 188 1565 bc.

175 1585 239 1637 ibid.
259 1599 303 1637 20.
325 1584 426 1636 Panaetii
445 1585 475 1636 de
496 1584 653 1639 Providentia
671 1587 765 1639 librum.
784 1584 830 1640 28.

138 1658 283 1719 Probinus,
302 1661 430 1710 amantius.

179 1747 228 1799 113
241 1768 251 1793 ‚
270 1749 295 1784 ι.
309 1735 367 1785 Non
385 1732 507 1792 dicenda,
523 1749 574 1782 non
593 1733 720 1783 narranda.
735 1747 763 1795 4.
774 1732 830 1799 Op·

138 1806 256 1878 portune.

177 1880 241 1933 lbid.
261 1894 304 1931 12.
318 1879 469 1929 Divortium.
488 1878 564 1943 Quod
581 1876 640 1928 fecit
657 1894 711 1927 cum
728 1878 832 1938 Clodia,

141 1952 217 2021 Appii
231 1952 280 2005 filia
290 1986 298 2012 ,
309 1965 337 2004 ut
352 1953 463 2003 Porciam
481 1953 585 2004 duceret
606 1951 709 2002 Catonis
730 1953 835 2004 Uticen-

142 2028 176 2081 sis
193 2027 277 2078 filiam.

176 2100 242 2154 lbid.
261 2098 307 2153 26.
326 2099 369 2148 De
387 2098 521 2149 Marcello.
546 2097 589 2149 De
611 2115 660 2166 quo
685 2099 741 2151 vide
763 2098 832 2152 Fam.

141 2189 178 2240 4,
201 2188 248 2228 12.

175 2248 242 2301 lbid.
263 2259 306 2312 30.
324 2245 416 2297 Praeter
432 2245 570 2304 historiam,
588 2259 673 2297 contra
690 2246 835 2300 veritatem.¹

180 2336 261 2383 114,
288 2335 330 2372 10.
355 2321 435 2386 Magis
464 2319 641 2371 communia....
668 2320 695 2370 δι
712 2322 786 2388 magis
802 2320 835 2373 ad

143 2412 220 2461 temp.
243 2394 448 2444 administrandam
466 2395 658 2443 accommodata.

177 2468 243 2519 lbid.
262 2483 303 2518 ιι.
320 2466 410 2517 Brutus
423 2466 444 2514 si
458 2468 514 2532 quid
530 2467 611 2532 egerit.
623 2467 664 2515 De
677 2482 739 2517 nova
754 2483 834 2518 uxore

143 2541 266 2594 ducenda.
277 2542 393 2592 Ultimam
409 2556 497 2589 vocem
514 2542 630 2591 omittunt
639 2542 748 2610 vulgati,
763 2559 835 2610 quam

142 2616 241 2667 servant
258 2615 320 2683 regii
338 2614 437 2665 codices
457 2630 511 2664 cum
526 2615 589 2664 aliis.

180 2703 258 2749 115,
279 2704 304 2750 5.
320 2690 379 2738 Non
398 2689 482 2738 eadem
501 2687 587 2738 facies.
604 2687 696 2756 Supple
713 2705 745 2739 ex
764 2685 838 2736 Euri·

141 2762 207 2829 pidis
219 2762 303 2822 lone,
321 2777 445 2829 apparet,
465 2780 537 2828 quum
555 2779 596 2812 res
611 2762 698 2826 procui
717 2761 791 2817 sunt,
813 2760 840 2810 &

141 2854 219 2905 quum
235 2836 314 2904 prope
325 2849 469 2886 cernuntur.
488 2835 550 2886 Haec
568 2836 642 2884 verba
661 2834 776 2883 transfert
791 2831 841 2882 Ca·

143 2910 268 2962 bubonue
291 2910 322 2960 ad
344 2910 437 2959 initium
461 2910 567 2975 epistoiae
593 2906 725 2972 sequentis.
750 2905 840 2966 Nihil,

142 2982 225 3057 inquit
240 3018 252 3048 ,
269 2983 319 3042 hbe
334 2984 426 3037 certius
440 3015 451 3044 ,
467 2984 527 3035 nihil
542 2979 633 3037 verius.
656 3014 725 3105 01·

701 3069 729 3121 Vi
