2125 3784
196 353 263 423 192
338 320 674 388 *EPISTOLAE

190 443 312 503 exiente
322 431 480 493 Puteolano
489 476 499 507 ,
508 433 751 510 deverteramque
763 429 794 491 in
806 430 870 495 Cu?

189 534 302 579 manum
317 534 325 574 t
342 515 384 573 ibi
399 515 474 574 bene
494 515 643 573 valentem
663 511 800 571 videram
819 512 866 575 Pi·

185 599 253 657 liam
268 616 275 653 :
293 597 361 675 quin
373 597 461 655 etiam
473 593 578 653 Baulos
595 592 698 654 Cumis
711 611 779 652 eam
789 592 864 654 virli:

185 692 306 737 venerat
315 678 394 735 enirn
405 678 434 733 in
444 673 528 734 sunus
539 695 549 747 ;
560 676 606 733 cui
617 672 714 732 funeri
725 692 784 764 ego
799 696 868 755 quo-

184 772 243 835 que
263 777 282 815 o
306 775 384 815 eram
400 755 477 815 dedi.
495 753 553 815 Cn.
570 753 729 825 Lucullus,
749 756 870 815 tamisia-

183 837 222 894 ris
236 777 352 909 noller,
373 851 495 895 matrem
511 832 659 895 efferebat.
673 833 772 894 Mansi
788 837 872 917 igitur

186 935 224 976 eo
244 917 290 976 die
316 917 345 974 in
363 913 552 986 Sinuessano;
577 932 605 976 at
627 934 663 975 ue
693 913 764 975 inde
788 917 868 977 mene

187 995 322 1078 postridie
341 995 484 1077 Arpinum
503 937 686 1075 proficiscens
699 994 776 1055 hanc
795 994 870 1077 epis-

186 1080 279 1140 tolam
291 1079 415 1138 exaravi.
424 1074 492 1135 Erat
503 1093 599 1136 autern
612 1076 682 1135 nihil
691 1078 765 1136 novi
774 1120 784 1150 ,
793 1076 870 1159 quod

188 1177 237 1220 aut
257 1158 433 1231 scriberem,
452 1174 501 1218 aut
518 1177 555 1216 ex
572 1174 601 1216 te
624 1158 870 1237 quererem3uisi

189 1239 265 1300 fone
283 1240 339 1299 hoc
354 1238 391 1296 ad
410 1257 473 1299 rem
492 1253 574 1317 putas
593 1239 751 1317 pertinere.
769 1235 870 1299 Brutus

190 1318 285 1380 noster
301 1319 377 1377 misit
394 1318 430 1375 ad
451 1337 498 1377 me
518 1319 681 1377 orationem
699 1316 799 1391 suam,
816 1318 870 1378 lta·

188 1401 279 1459 bitam
291 1402 321 1458 in
341 1399 483 1458 concione
503 1396 690 1479 Capitolina;
710 1399 870 1480 petivitque

191 1499 269 1539 ame
282 1525 292 1553 ‚
307 1495 338 1538 ut
356 1499 420 1538 eam
441 1499 496 1538 nec
522 1479 675 1539 ambitiose
696 1480 871 1561 corrigerem

191 1561 276 1633 ante,
293 1558 380 1640 quim
400 1557 675 1620 ederetteslautem
694 1562 791 1622 oratio
807 1558 872 1621 scri·

192 1659 242 1724 pta
263 1641 475 1722 elegantissime
495 1638 641 1700 sententiis
661 1685 670 1714 ‚
689 1641 790 1702 verbis
811 1684 822 1716 ‚
842 1656 872 1703 nt

192 1723 263 1783 nihil
275 1724 366 1802 possit
376 1721 457 1781 ultri.
470 1719 533 1802 Ego
543 1738 661 1793 tamen,
679 1723 703 1780 si
714 1723 794 1783 illam
808 1742 874 1785 cau·

192 1804 251 1864 sam
266 1801 443 1874 habuissem,
456 1799 623 1880 scripsissem
639 1802 784 1863 ardentius
801 1807 874 1865 ὅτι·

192 1886 275 1950 θέσεις.
292 1883 384 1942 Vides
397 1925 406 1954 ,
421 1902 485 1960 quae
497 1883 532 1941 sit
543 1881 664 1961 persona
676 1883 808 1945 dicentis.
818 1882 875 1967 lte-

192 1983 248 2042 que
267 1983 331 2021 earn
352 1963 494 2042 corrigere
517 1982 577 2022 non
618 1965 701 2023 otui:
717 1987 776 2046 quo
797 1966 874 2025 enim

193 2047 223 2100 in
239 2061 344 2121 genere
357 2040 459 2101 Brutus
470 2041 566 2103 noster
576 1984 631 2104 esse
650 2045 734 2118 vult,
751 2047 783 2107 ἃ
794 2043 873 2127 quod

191 2120 329 2198 judicium
343 2120 431 2181 habet
442 2122 477 2182 de
487 2126 601 2202 optimo
617 2144 724 2208 genere
742 2126 873 2201 dicendi,

191 2200 221 2258 id
233 2199 272 2260 ita
287 2201 455 2263 consecutus
466 2201 506 2263 est
515 2207 546 2263 in
555 2225 590 2265 ea
600 2209 754 2283 oratione,
769 2225 801 2271 ut
810 2208 875 2269 ele-

192 2284 305 2362 gantius
331 2281 387 2344 esse
412 2284 481 2343 nihil
504 2289 595 2363 possit
615 2307 622 2344 ε
644 2285 695 2346 sed
718 2308 777 2370 ego
797 2305 874 2349 totus

194 2363 265 2422 alius
279 2361 340 2422 sum
352 2386 362 2437 3
378 2365 439 2425 sive
455 2365 511 2425 hoc
525 2366 622 2439 reue,
637 2369 699 2429 sive
716 2389 778 2429 non
789 2367 874 2430 resie.

193 2439 242 2501 Tu
267 2461 365 2504 tamen
391 2446 480 2505 velim
507 2450 672 2507 orationem
699 2450 797 2532 legas,
820 2449 875 2510 nisi

193 2520 270 2583 sorte
285 2522 343 2602 jam
356 2525 466 2606 legisti,
478 2529 690 2609 certioremque
702 2551 751 2591 me
767 2529 876 2604 facias,

99 2620 104 2629 ·
194 2602 263 2684 quid
274 2599 383 2682 judices
401 2605 470 2684 ipse.
487 2605 676 2690 Quamquam
690 2631 818 2686 vereor,
838 2628 875 2671 ne

192 2686 369 2764 cognomine
382 2702 434 2745 tuo
445 2686 537 2765 lapsus
555 2691 723 2767 intentionis
735 2695 772 2753 sis
785 2694 813 2750 in
824 2688 877 2768 ju·

195 2764 317 2825 dicando
338 2786 346 2824 z
369 2764 418 2826 sed
444 2767 467 2824 si
487 2768 677 2829 recordabetc
708 2773 878 2849 Διμινθέιυσ

193 2845 312 2911 fulmina
320 2888 331 2925 ,
345 2862 408 2916 tum
423 2847 565 2932 intelliges
575 2847 656 2931 posse
672 2849 706 2912 &
715 2848 877 2914 &cleobule

709 2929 877 3015 gravissime
