2125 3784
247 357 293 429 34
417 337 726 406 Errsrozrs

243 453 354 513 omnia.
372 447 406 508 ln
423 453 562 528 pensione
578 451 701 513 secunda
714 453 783 515 caeci
797 450 928 515 fuimust

242 533 329 607 alium
353 529 480 607 mallem.
495 530 560 592 ¹Sed
581 535 723 613 preteriit.
749 531 795 593 Te
819 556 874 595 oro
893 553 926 596 ut

239 614 280 671 itu
304 611 387 672 editis
401 611 507 685 rebus,
524 615 548 672 si
564 615 634 694 quid
649 619 736 695 cogi,
751 613 856 674 confici
870 637 928 696 po·

240 710 253 753 t
316 736 325 763 ,
352 692 430 772 quod
454 695 490 752 sit
511 694 542 752 in
562 713 624 754 tuto
641 739 650 768 ‚
668 715 704 754 ex
728 713 848 776 argento
868 696 923 756 tibi

238 772 319 853 quod
333 770 416 847 satis,
429 773 518 833 multa
530 794 567 834 ex
582 774 754 856 supelleilile
764 823 773 848 ‚
785 775 836 836 des
850 796 925 857 ope·

238 874 317 912 ram:
334 851 392 932 jam
405 858 484 914 euim
501 857 571 914 milri
587 856 702 916 videtur
719 857 813 917 adesse
827 876 923 918 extre-

239 955 348 1009 mum,
369 955 423 994 nec
444 935 502 994 ulla
520 935 584 996 sore
604 937 733 997 conditio
751 939 852 1017 pacis,
869 958 924 998 ea·

238 1035 296 1096 que
309 1060 318 1088 ,
330 1036 394 1096 quae
411 1015 494 1087 sunt,
509 1019 596 1076 etiam
615 1021 676 1078 sine
693 1017 856 1079 adversario

239 1097 336 1156 ritura.
354 1096 426 1156 Haec
440 1100 548 1172 etiam,
563 1099 587 1158 si
600 1097 764 1172 videbitur,
778 1119 845 1160 cum
891 1119 926 1160 e·

238 1179 332 1237 tentia
350 1178 469 1260 loquare
488 1181 664 1260 opportune.
681 1179 750 1239 Non
767 1200 845 1261 queo
861 1202 926 1242 om-

243 1260 294 1319 uia
312 1258 443 1320 scribere.
466 1258 554 1320 Vale.
578 1279 618 1320 ιιι
638 1260 719 1322 Non.
736 1259 844 1340 Quint.

350 1376 517 1439 Cicrao
545 1373 822 1444 Arctoosne.

244 1461 370 1585 quu
379 1514 431 1557 οι)
449 1495 486 1556 ad
498 1513 528 1556 te
544 1495 729 1578 scripseram,
741 1519 773 1560 ut
787 1520 853 1560 cum
864 1498 925 1560 Ca·

241 1580 324 1640 millo
337 1579 564 1639 communicares
576 1626 586 1654 ,
598 1582 635 1642 de
654 1602 691 1643 eo
703 1579 841 1641 Camillus
852 1581 925 1640 mihi

238 1659 373 1740 scripsit,
389 1677 418 1720 te
434 1658 531 1720 secum
552 1661 691 1722 locutum.
712 1660 793 1721 Tuas
814 1663 923 1722 litteras

239 1741 465 1824 exspeilabam3
484 1743 539 1800 nisi
560 1743 631 1803 illud
650 1742 768 1823 quidem
790 1744 890 1801 mutari
911 1785 923 1814 ‚

240 1824 266 1883 si
293 1824 374 1884 aliter
401 1819 443 1881 est
467 1841 553 1901 atque
578 1847 597 1883 ο
620 1841 695 1883 ortet
716 1866 725 1893 ‚
750 1842 817 1897 non·
833 1821 925 1880 video

239 1902 340 1983 posse:
361 1900 411 1960 sed
431 1921 519 1980 quum
539 1903 575 1962 ab
625 1903 664 1961 ilo
682 1896 851 1976 accepissem
869 1899 922 1960 lit·

239 2001 337 2052 teras,
358 1979 519 2041 desideravi
536 1999 599 2044 tuas
616 2002 625 2052 ;
644 1981 675 2039 &
694 1980 734 2036 sic
750 1977 889 2056 putabam
910 2025 922 2056 ,

239 2078 272 2121 te
293 2061 446 2123 certiorem
460 2061 564 2123 faslum
582 2079 643 2120 non
658 2054 738 2129 effe,
755 2059 848 2119 modi>
868 2083 922 2121 va·

237 2141 332 2202 letes:
352 2139 499 2222 scripseras
514 2145 593 2202 enim
613 2157 642 2197 te
660 2137 788 2218 quodam
806 2141 921 2202 valetu-

172 2230 174 2233 ’
239 2221 314 2282 dinis
331 2234 435 2303 genere
449 2223 561 2282 tentari.
572 2215 695 2277 Acusius
705 2220 822 2299 quidam
840 2221 922 2284 Rho-

205 2369 209 2376 ,
238 2301 280 2362 do
298 2319 419 2364 venerat
438 2319 503 2362 vm
521 2298 568 2358 ld.
586 2297 692 2378 Quint.
709 2302 733 2360 is
751 2304 923 2377 nuntiabat,

240 2382 387 2463 Quintum
416 2381 506 2442 filium
525 2380 563 2440 ad
588 2379 732 2442 Caesarem
759 2381 922 2463 profeslum

238 2481 277 2524 lv
292 2465 359 2526 Kal.
376 2463 473 2525 lunias
484 2460 691 2524 :Philotimum
710 2463 849 2524 Rhodum
864 2468 921 2545 pri·

236 2545 285 2605 die
302 2566 370 2606 eum
388 2544 466 2605 diem
482 2543 591 2605 venisse
604 2589 615 2620 ,
628 2545 733 2605 habere
753 2545 789 2603 ad
806 2565 854 2604 me
872 2546 920 2605 lit·

235 2644 331 2688 teras:
348 2624 439 2707 ipsum
455 2626 597 2687 Acusium
612 2625 732 2696 audies;
750 2622 798 2683 sed
813 2626 923 2686 tardius

146 2728 148 2732 ⁸
234 2709 290 2769 iter
304 2707 443 2769 faciebat:
459 2708 498 2769 el>
512 2708 569 2769 feci
584 2722 616 2766 ut
630 2703 761 2765 celeriter
773 2709 852 2764 eunti
867 2707 919 2765 da-

236 2809 311 2849 rem.
331 2788 413 2867 Quid
431 2791 467 2848 sit
486 2791 515 2847 in
537 2791 576 2864 iis
591 2787 708 2857 litteris,
727 2784 849 2859 nescio;
869 2786 919 2844 sed

237 2869 309 2931 mihi
317 2871 403 2931 valde
415 2866 545 2946 Quintus
553 2862 642 2926 tiator
653 2867 817 2949 gratulatur.
828 2866 919 2946 Equi-
