<?xml version="1.0" encoding="UTF-8"?>
<!DOCTYPE html PUBLIC "-//W3C//DTD XHTML 1.0 Transitional//EN"
    "http://www.w3.org/TR/xhtml1/DTD/xhtml1-transitional.dtd">
<html xmlns="http://www.w3.org/1999/xhtml" xml:lang="en" lang="en">
 <head>
  <title>
</title>
<meta http-equiv="Content-Type" content="text/html;charset=utf-8" />
  <meta name='ocr-system' content='tesseract 3.04.00' />
  <meta name='ocr-capabilities' content='ocr_page ocr_carea ocr_par ocr_line ocrx_word'/>
</head>
<body>
  <div class='ocr_page' id='page_1' title='image "./mtulliiciceroni02lallgoog/mtulliiciceroni02lallgoog_0132.png"; bbox 0 0 2125 3784; ppageno 0'>
   <div class='ocr_carea' id='block_1_1' title="bbox 170 368 645 459">
    <p class='ocr_par' dir='ltr' id='par_1_1' title="bbox 170 368 645 459">
     <span class='ocr_line' id='line_1_1' title="bbox 170 368 645 459; baseline -0.013 -19"><span class='ocrx_word' id='word_1_1' title='bbox 170 394 280 459; x_wconf 22' lang='lat'>1¹22,</span> <span class='ocrx_word' id='word_1_2' title='bbox 342 368 645 436; x_wconf 70' lang='lat' dir='ltr'>Enzscocn</span> 
     </span>
    </p>
   </div>
   <div class='ocr_carea' id='block_1_2' title="bbox 77 478 864 2974">
    <p class='ocr_par' dir='ltr' id='par_1_2' title="bbox 77 478 864 2974">
     <span class='ocr_line' id='line_1_2' title="bbox 166 478 852 563; baseline 0 -20"><span class='ocrx_word' id='word_1_3' title='bbox 166 486 244 543; x_wconf 86' lang='lat' dir='ltr'>libris</span> <span class='ocrx_word' id='word_1_4' title='bbox 255 481 384 542; x_wconf 78' lang='lat' dir='ltr'>fecimus.</span> <span class='ocrx_word' id='word_1_5' title='bbox 394 481 465 543; x_wconf 85' lang='lat' dir='ltr'>Sunt</span> <span class='ocrx_word' id='word_1_6' title='bbox 474 484 560 559; x_wconf 70' lang='lat' dir='ltr'>etiarn</span> <span class='ocrx_word' id='word_1_7' title='bbox 573 481 609 547; x_wconf 90' lang='lat' dir='ltr'>de</span> <span class='ocrx_word' id='word_1_8' title='bbox 621 478 752 563; x_wconf 74' lang='lat' dir='ltr'>Oratore</span> <span class='ocrx_word' id='word_1_9' title='bbox 766 483 852 546; x_wconf 84' lang='lat' dir='ltr'>nostri</span> 
     </span>
     <span class='ocr_line' id='line_1_3' title="bbox 166 562 854 643; baseline 0.001 -19"><span class='ocrx_word' id='word_1_10' title='bbox 166 585 242 634; x_wconf 81' lang='lat' dir='ltr'>tres,</span> <span class='ocrx_word' id='word_1_11' title='bbox 253 564 323 622; x_wconf 85' lang='lat' dir='ltr'>mihi</span> <span class='ocrx_word' id='word_1_12' title='bbox 338 563 528 623; x_wconf 78' lang='lat' dir='ltr'>vehementer</span> <span class='ocrx_word' id='word_1_13' title='bbox 539 562 669 643; x_wconf 80' lang='lat' dir='ltr'>probati:</span> <span class='ocrx_word' id='word_1_14' title='bbox 681 562 768 623; x_wconf 75' lang='lat' dir='ltr'>i&#39;n&#39;e&#39;is</span> <span class='ocrx_word' id='word_1_15' title='bbox 801 588 854 625; x_wconf 92' lang='lat' dir='ltr'>uo·</span> 
     </span>
     <span class='ocr_line' id='line_1_4' title="bbox 167 586 858 724; baseline 0.001 -19"><span class='ocrx_word' id='word_1_16' title='bbox 167 665 223 724; x_wconf 86' lang='lat' dir='ltr'>que</span> <span class='ocrx_word' id='word_1_17' title='bbox 243 665 285 704; x_wconf 89' lang='lat' dir='ltr'>eae</span> <span class='ocrx_word' id='word_1_18' title='bbox 325 642 434 705; x_wconf 85' lang='lat' dir='ltr'>ersonae</span> <span class='ocrx_word' id='word_1_19' title='bbox 453 641 538 716; x_wconf 85' lang='lat' dir='ltr'>sunt,</span> <span class='ocrx_word' id='word_1_20' title='bbox 559 661 591 703; x_wconf 86' lang='lat' dir='ltr'>ur</span> <span class='ocrx_word' id='word_1_21' title='bbox 609 642 686 701; x_wconf 77' lang='lat' dir='ltr'>mihi·</span> <span class='ocrx_word' id='word_1_22' title='bbox 697 586 858 707; x_wconf 67' lang='lat' dir='ltr'>ucenhunr</span> 
     </span>
     <span class='ocr_line' id='line_1_5' title="bbox 168 722 854 803; baseline 0.004 -19"><span class='ocrx_word' id='word_1_23' title='bbox 168 725 273 785; x_wconf 86' lang='lat' dir='ltr'>suerit:</span> <span class='ocrx_word' id='word_1_24' title='bbox 322 724 406 784; x_wconf 80' lang='lat' dir='ltr'>casius</span> <span class='ocrx_word' id='word_1_25' title='bbox 424 726 502 783; x_wconf 86' lang='lat' dir='ltr'>enim</span> <span class='ocrx_word' id='word_1_26' title='bbox 517 723 666 803; x_wconf 84' lang='lat' dir='ltr'>loquitur,</span> <span class='ocrx_word' id='word_1_27' title='bbox 682 722 854 801; x_wconf 81' lang='lat' dir='ltr'>Antonius,</span> 
     </span>
     <span class='ocr_line' id='line_1_6' title="bbox 169 801 857 881; baseline -0.004 -15"><span class='ocrx_word' id='word_1_28' title='bbox 169 804 290 866; x_wconf 85' lang='lat' dir='ltr'>Catulus</span> <span class='ocrx_word' id='word_1_29' title='bbox 310 805 415 875; x_wconf 82' lang='lat' dir='ltr'>senex,</span> <span class='ocrx_word' id='word_1_30' title='bbox 437 801 475 863; x_wconf 89' lang='lat' dir='ltr'>C.</span> <span class='ocrx_word' id='word_1_31' title='bbox 494 802 584 863; x_wconf 83' lang='lat' dir='ltr'>Julius</span> <span class='ocrx_word' id='word_1_32' title='bbox 602 801 857 881; x_wconf 74' lang='lat' dir='ltr'>‚frater.Czruli‚</span> 
     </span>
     <span class='ocr_line' id='line_1_7' title="bbox 170 882 856 965; baseline 0 -20"><span class='ocrx_word' id='word_1_33' title='bbox 170 884 279 961; x_wconf 75' lang='lat' dir='ltr'>Cotta,</span> <span class='ocrx_word' id='word_1_34' title='bbox 291 883 434 965; x_wconf 89' lang='lat' dir='ltr'>Sulpicius</span> <span class='ocrx_word' id='word_1_35' title='bbox 446 904 454 943; x_wconf 77' lang='grc' dir='ltr'><strong>ι</strong></span> <span class='ocrx_word' id='word_1_36' title='bbox 471 903 563 964; x_wconf 89' lang='lat' dir='ltr'>puero</span> <span class='ocrx_word' id='word_1_37' title='bbox 579 904 626 943; x_wconf 88' lang='lat' dir='ltr'>nre</span> <span class='ocrx_word' id='word_1_38' title='bbox 637 882 685 943; x_wconf 89' lang='lat' dir='ltr'>hic</span> <span class='ocrx_word' id='word_1_39' title='bbox 699 882 799 947; x_wconf 82' lang='lat' dir='ltr'>sermo</span> <span class='ocrx_word' id='word_1_40' title='bbox 813 888 856 947; x_wconf 88' lang='lat' dir='ltr'>in·</span> 
     </span>
     <span class='ocr_line' id='line_1_8' title="bbox 171 960 855 1044; baseline -0.012 -15"><span class='ocrx_word' id='word_1_41' title='bbox 171 968 307 1039; x_wconf 85' lang='lat' dir='ltr'>ducitur,</span> <span class='ocrx_word' id='word_1_42' title='bbox 323 983 355 1024; x_wconf 91' lang='lat' dir='ltr'>ut</span> <span class='ocrx_word' id='word_1_43' title='bbox 367 965 451 1023; x_wconf 80' lang='lat' dir='ltr'>nullae</span> <span class='ocrx_word' id='word_1_44' title='bbox 462 962 519 1024; x_wconf 81' lang='lat' dir='ltr'>esse</span> <span class='ocrx_word' id='word_1_45' title='bbox 537 960 649 1044; x_wconf 81' lang='lat' dir='ltr'>possent</span> <span class='ocrx_word' id='word_1_46' title='bbox 662 983 762 1043; x_wconf 77' lang='lat' dir='ltr'>pmes</span> <span class='ocrx_word' id='word_1_47' title='bbox 775 986 855 1029; x_wconf 70' lang='lat' dir='ltr'>met.</span> 
     </span>
     <span class='ocr_line' id='line_1_9' title="bbox 170 1042 855 1127; baseline 0 -20"><span class='ocrx_word' id='word_1_48' title='bbox 170 1047 251 1125; x_wconf 84' lang='lat' dir='ltr'>Quae</span> <span class='ocrx_word' id='word_1_49' title='bbox 266 1066 362 1107; x_wconf 80' lang='lat' dir='ltr'>autern</span> <span class='ocrx_word' id='word_1_50' title='bbox 381 1046 425 1105; x_wconf 83' lang='lat' dir='ltr'>his</span> <span class='ocrx_word' id='word_1_51' title='bbox 439 1042 738 1125; x_wconf 49' lang='lat' dir='ltr'>temporibrurscripsi</span> <span class='ocrx_word' id='word_1_52' title='bbox 756 1044 855 1127; x_wconf 64' lang='lat' dir='ltr'><strong>A&#39;gm·</strong></span> 
     </span>
     <span class='ocr_line' id='line_1_10' title="bbox 170 1122 855 1203; baseline -0.001 -16"><span class='ocrx_word' id='word_1_53' title='bbox 170 1131 262 1192; x_wconf 60' lang='lat' dir='ltr'>siunai</span> <span class='ocrx_word' id='word_1_54' title='bbox 282 1147 396 1188; x_wconf 85' lang='lat' dir='ltr'>morem</span> <span class='ocrx_word' id='word_1_55' title='bbox 418 1124 549 1198; x_wconf 71' lang='lat' dir='ltr'>habentt</span> <span class='ocrx_word' id='word_1_56' title='bbox 569 1126 680 1203; x_wconf 82' lang='lat' dir='ltr'>inquo</span> <span class='ocrx_word' id='word_1_57' title='bbox 699 1122 798 1187; x_wconf 87' lang='lat' dir='ltr'>senno</span> <span class='ocrx_word' id='word_1_58' title='bbox 810 1128 855 1186; x_wconf 71' lang='lat' dir='ltr'>:in</span> 
     </span>
     <span class='ocr_line' id='line_1_11' title="bbox 169 1204 857 1346; baseline 0 -79"><span class='ocrx_word' id='word_1_59' title='bbox 169 1209 313 1271; x_wconf 76' lang='lat' dir='ltr'>inducitur</span> <span class='ocrx_word' id='word_1_60' title='bbox 335 1227 521 1279; x_wconf 83' lang='lat' dir='ltr'>ceterorum,</span> <span class='ocrx_word' id='word_1_61' title='bbox 544 1223 576 1271; x_wconf 87' lang='lat' dir='ltr'>ut</span> <span class='ocrx_word' id='word_1_62' title='bbox 595 1204 805 1346; x_wconf 53' lang='lat' dir='ltr'>penes&#39;siffim</span> <span class='ocrx_word' id='word_1_63' title='bbox 819 1208 857 1267; x_wconf 76' lang='lat' dir='ltr'>cit</span> 
     </span>
     <span class='ocr_line' id='line_1_12' title="bbox 172 1284 855 1370; baseline 0 -23"><span class='ocrx_word' id='word_1_64' title='bbox 172 1292 358 1370; x_wconf 83' lang='lat' dir='ltr'>principatus.</span> <span class='ocrx_word' id='word_1_65' title='bbox 374 1287 417 1345; x_wconf 83' lang='lat' dir='ltr'>Ita</span> <span class='ocrx_word' id='word_1_66' title='bbox 433 1285 549 1347; x_wconf 82' lang='lat' dir='ltr'>confeci·</span> <span class='ocrx_word' id='word_1_67' title='bbox 599 1287 687 1364; x_wconf 84' lang='lat' dir='ltr'>inque</span> <span class='ocrx_word' id='word_1_68' title='bbox 709 1284 716 1300; x_wconf 82' lang='grc'><strong>“</strong></span> <span class='ocrx_word' id='word_1_69' title='bbox 778 1292 855 1361; x_wconf 61' lang='lat' dir='ltr'>suti</span> 
     </span>
     <span class='ocr_line' id='line_1_13' title="bbox 172 1364 855 1447; baseline -0.004 -20"><span class='ocrx_word' id='word_1_70' title='bbox 172 1376 274 1441; x_wconf 68' lang='grc' dir='ltr'><em>τιλόν,</em></span> <span class='ocrx_word' id='word_1_71' title='bbox 297 1386 328 1427; x_wconf 89' lang='lat' dir='ltr'>ut</span> <span class='ocrx_word' id='word_1_72' title='bbox 349 1365 489 1447; x_wconf 88' lang='lat' dir='ltr'>Epicurea</span> <span class='ocrx_word' id='word_1_73' title='bbox 509 1366 544 1428; x_wconf 82' lang='lat' dir='ltr'>L.</span> <span class='ocrx_word' id='word_1_74' title='bbox 591 1388 610 1424; x_wconf 93' lang='lat'><strong>0</strong></span> <span class='ocrx_word' id='word_1_75' title='bbox 645 1381 742 1438; x_wconf 82' lang='lat' dir='ltr'>nato,</span> <span class='ocrx_word' id='word_1_76' title='bbox 763 1364 855 1427; x_wconf 74' lang='lat' dir='ltr'>Stoica</span> 
     </span>
     <span class='ocr_line' id='line_1_14' title="bbox 172 1445 855 1522; baseline 0.004 -18"><span class='ocrx_word' id='word_1_77' title='bbox 172 1445 217 1504; x_wconf 89' lang='grc' dir='ltr'>Μ.</span> <span class='ocrx_word' id='word_1_78' title='bbox 232 1445 359 1520; x_wconf 87' lang='lat' dir='ltr'>Catoni,</span> <span class='ocrx_word' id='word_1_79' title='bbox 373 1447 567 1522; x_wconf 67' lang='lat' dir='ltr'>rtgtmniucir</span> <span class='ocrx_word' id='word_1_80' title='bbox 583 1446 639 1505; x_wconf 89' lang='grc' dir='ltr'>Μ.·</span> <span class='ocrx_word' id='word_1_81' title='bbox 662 1445 736 1507; x_wconf 84' lang='lat' dir='ltr'>isoni</span> <span class='ocrx_word' id='word_1_82' title='bbox 751 1446 855 1507; x_wconf 76' lang='lat' dir='ltr'>dacem·</span> 
     </span>
     <span class='ocr_line' id='line_1_15' title="bbox 173 1524 856 1607; baseline 0 -20"><span class='ocrx_word' id='word_1_83' title='bbox 173 1525 380 1603; x_wconf 54' lang='lat' dir='ltr'>utuntur..</span> <span class='ocrx_word' id='word_1_84' title='bbox 390 1526 426 1595; x_wconf 85' lang='lat' dir='ltr'>¹id</span> <span class='ocrx_word' id='word_1_85' title='bbox 441 1524 504 1585; x_wconf 85' lang='lat' dir='ltr'>sore</span> <span class='ocrx_word' id='word_1_86' title='bbox 523 1545 675 1605; x_wconf 81' lang='lat' dir='ltr'>putaram,</span> <span class='ocrx_word' id='word_1_87' title='bbox 695 1526 780 1607; x_wconf 80' lang='lat' dir='ltr'>quh&#39;d</span> <span class='ocrx_word' id='word_1_88' title='bbox 796 1545 856 1589; x_wconf 85' lang='lat' dir='ltr'>om·</span> 
     </span>
     <span class='ocr_line' id='line_1_16' title="bbox 176 1604 856 1681; baseline 0.003 -16"><span class='ocrx_word' id='word_1_89' title='bbox 176 1627 228 1666; x_wconf 86' lang='lat' dir='ltr'>nes</span> <span class='ocrx_word' id='word_1_90' title='bbox 247 1607 288 1667; x_wconf 86' lang='lat' dir='ltr'>illi</span> <span class='ocrx_word' id='word_1_91' title='bbox 306 1604 490 1675; x_wconf 80' lang='lat' dir='ltr'>decesserant.</span> <span class='ocrx_word' id='word_1_92' title='bbox 512 1607 585 1667; x_wconf 84' lang='lat' dir='ltr'>Haec</span> <span class='ocrx_word' id='word_1_93' title='bbox 605 1605 810 1681; x_wconf 71' lang='lat' dir='ltr'>Academico,</span> <span class='ocrx_word' id='word_1_94' title='bbox 826 1618 856 1667; x_wconf 80' lang='lat' dir='ltr'>ut</span> 
     </span>
     <span class='ocr_line' id='line_1_17' title="bbox 176 1684 856 1762; baseline -0.004 -13"><span class='ocrx_word' id='word_1_95' title='bbox 176 1684 228 1749; x_wconf 85' lang='lat' dir='ltr'>scis</span> <span class='ocrx_word' id='word_1_96' title='bbox 248 1734 258 1762; x_wconf 89' lang='lat'>,</span> <span class='ocrx_word' id='word_1_97' title='bbox 283 1709 349 1749; x_wconf 85' lang='lat' dir='ltr'>curn</span> <span class='ocrx_word' id='word_1_98' title='bbox 371 1686 508 1761; x_wconf 86' lang='lat' dir='ltr'>Catulo,</span> <span class='ocrx_word' id='word_1_99' title='bbox 528 1686 678 1761; x_wconf 88' lang='lat' dir='ltr'>Lucullo,</span> <span class='ocrx_word' id='word_1_100' title='bbox 698 1686 856 1749; x_wconf 82' lang='lat' dir='ltr'>Hortensio</span> 
     </span>
     <span class='ocr_line' id='line_1_18' title="bbox 178 1766 857 1849; baseline -0.006 -18"><span class='ocrx_word' id='word_1_101' title='bbox 178 1770 375 1831; x_wconf 78' lang='lat' dir='ltr'>contulerant:</span> <span class='ocrx_word' id='word_1_102' title='bbox 396 1768 462 1830; x_wconf 73' lang='lat' dir='ltr'>sane</span> <span class='ocrx_word' id='word_1_103' title='bbox 483 1769 512 1827; x_wconf 91' lang='lat' dir='ltr'>in</span> <span class='ocrx_word' id='word_1_104' title='bbox 532 1767 667 1849; x_wconf 78' lang='lat' dir='ltr'>personas</span> <span class='ocrx_word' id='word_1_105' title='bbox 688 1788 750 1827; x_wconf 89' lang='lat' dir='ltr'>non</span> <span class='ocrx_word' id='word_1_106' title='bbox 768 1766 857 1829; x_wconf 74' lang='lat' dir='ltr'>cadc-</span> 
     </span>
     <span class='ocr_line' id='line_1_19' title="bbox 132 1844 859 1928; baseline -0.001 -21"><span class='ocrx_word' id='word_1_107' title='bbox 132 1844 134 1851; x_wconf 55' lang='lat'><em>&#39;</em></span> <span class='ocrx_word' id='word_1_108' title='bbox 180 1850 266 1908; x_wconf 80' lang='lat' dir='ltr'>hant:</span> <span class='ocrx_word' id='word_1_109' title='bbox 286 1868 366 1910; x_wconf 85' lang='lat' dir='ltr'>erant</span> <span class='ocrx_word' id='word_1_110' title='bbox 382 1853 460 1909; x_wconf 88' lang='lat' dir='ltr'>enim</span> <span class='ocrx_word' id='word_1_111' title='bbox 476 1847 638 1923; x_wconf 56' lang='lat' dir='ltr'>concursent</span> <span class='ocrx_word' id='word_1_112' title='bbox 652 1891 662 1920; x_wconf 91' lang='lat'><strong>‚</strong></span> <span class='ocrx_word' id='word_1_113' title='bbox 675 1847 763 1928; x_wconf 60' lang='lat' dir='ltr'>quim</span> <span class='ocrx_word' id='word_1_114' title='bbox 774 1864 807 1908; x_wconf 86' lang='lat' dir='ltr'>nt</span> <span class='ocrx_word' id='word_1_115' title='bbox 817 1846 859 1906; x_wconf 79' lang='lat' dir='ltr'>ilii</span> 
     </span>
     <span class='ocr_line' id='line_1_20' title="bbox 178 1926 858 2006; baseline 0.003 -19"><span class='ocrx_word' id='word_1_116' title='bbox 178 1929 215 1988; x_wconf 92' lang='lat' dir='ltr'>de</span> <span class='ocrx_word' id='word_1_117' title='bbox 235 1931 269 1987; x_wconf 91' lang='lat' dir='ltr'>iis</span> <span class='ocrx_word' id='word_1_118' title='bbox 288 1927 435 1991; x_wconf 84' lang='lat' dir='ltr'>somniasse</span> <span class='ocrx_word' id='word_1_119' title='bbox 454 1946 592 2006; x_wconf 88' lang='lat' dir='ltr'>umquam</span> <span class='ocrx_word' id='word_1_120' title='bbox 607 1927 787 1989; x_wconf 83' lang='lat' dir='ltr'>viderentur.</span> <span class='ocrx_word' id='word_1_121' title='bbox 802 1926 858 1989; x_wconf 74' lang='lat' dir='ltr'>ln·</span> 
     </span>
     <span class='ocr_line' id='line_1_21' title="bbox 178 2006 858 2090; baseline 0.003 -25"><span class='ocrx_word' id='word_1_122' title='bbox 178 2027 254 2087; x_wconf 86' lang='lat' dir='ltr'>que,</span> <span class='ocrx_word' id='word_1_123' title='bbox 273 2023 304 2066; x_wconf 92' lang='lat' dir='ltr'>ut</span> <span class='ocrx_word' id='word_1_124' title='bbox 322 2008 379 2087; x_wconf 84' lang='lat' dir='ltr'>legi</span> <span class='ocrx_word' id='word_1_125' title='bbox 399 2027 460 2066; x_wconf 86' lang='lat' dir='ltr'>tuas</span> <span class='ocrx_word' id='word_1_126' title='bbox 480 2006 518 2066; x_wconf 89' lang='lat' dir='ltr'>de</span> <span class='ocrx_word' id='word_1_127' title='bbox 536 2007 693 2080; x_wconf 89' lang='lat' dir='ltr'>Varrone,</span> <span class='ocrx_word' id='word_1_128' title='bbox 712 2027 858 2090; x_wconf 83' lang='lat' dir='ltr'>tamquam</span> 
     </span>
     <span class='ocr_line' id='line_1_22' title="bbox 180 2085 859 2170; baseline -0.003 -21"><span class='ocrx_word' id='word_1_129' title='bbox 180 2090 279 2161; x_wconf 56' lang='lat' dir='ltr'>ipat»</span> <span class='ocrx_word' id='word_1_130' title='bbox 296 2089 420 2165; x_wconf 87' lang='lat' dir='ltr'>arripui:</span> <span class='ocrx_word' id='word_1_131' title='bbox 439 2089 531 2167; x_wconf 87' lang='lat' dir='ltr'>aptius</span> <span class='ocrx_word' id='word_1_132' title='bbox 550 2085 605 2148; x_wconf 77' lang='lat' dir='ltr'>esse</span> <span class='ocrx_word' id='word_1_133' title='bbox 624 2089 696 2147; x_wconf 90' lang='lat' dir='ltr'>nihil</span> <span class='ocrx_word' id='word_1_134' title='bbox 712 2095 809 2170; x_wconf 85' lang='lat' dir='ltr'>potuit</span> <span class='ocrx_word' id='word_1_135' title='bbox 825 2086 859 2148; x_wconf 81' lang='lat' dir='ltr'>ad</span> 
     </span>
     <span class='ocr_line' id='line_1_23' title="bbox 178 2163 859 2249; baseline 0 -22"><span class='ocrx_word' id='word_1_136' title='bbox 178 2165 208 2227; x_wconf 86' lang='lat' dir='ltr'>id</span> <span class='ocrx_word' id='word_1_137' title='bbox 235 2163 423 2246; x_wconf 84' lang='lat' dir='ltr'>phisosophiae</span> <span class='ocrx_word' id='word_1_138' title='bbox 445 2188 559 2249; x_wconf 85' lang='lat' dir='ltr'>genus,</span> <span class='ocrx_word' id='word_1_139' title='bbox 584 2189 644 2248; x_wconf 88' lang='lat' dir='ltr'>quo</span> <span class='ocrx_word' id='word_1_140' title='bbox 665 2168 716 2229; x_wconf 89' lang='lat' dir='ltr'>ille</span> <span class='ocrx_word' id='word_1_141' title='bbox 736 2168 859 2231; x_wconf 69' lang='lat' dir='ltr'>maxime</span> 
     </span>
     <span class='ocr_line' id='line_1_24' title="bbox 179 2245 861 2330; baseline 0.009 -26"><span class='ocrx_word' id='word_1_142' title='bbox 179 2245 250 2310; x_wconf 84' lang='lat' dir='ltr'>mihi</span> <span class='ocrx_word' id='word_1_143' title='bbox 268 2246 401 2307; x_wconf 72' lang='lat' dir='ltr'>desesiari</span> <span class='ocrx_word' id='word_1_144' title='bbox 422 2248 557 2324; x_wconf 88' lang='lat' dir='ltr'>videtur,</span> <span class='ocrx_word' id='word_1_145' title='bbox 574 2248 677 2329; x_wconf 84' lang='lat' dir='ltr'>easque</span> <span class='ocrx_word' id='word_1_146' title='bbox 696 2268 794 2330; x_wconf 80' lang='lat' dir='ltr'>partes</span> <span class='ocrx_word' id='word_1_147' title='bbox 806 2296 817 2325; x_wconf 89' lang='lat'>,</span> <span class='ocrx_word' id='word_1_148' title='bbox 830 2267 861 2310; x_wconf 90' lang='lat' dir='ltr'>ut</span> 
     </span>
     <span class='ocr_line' id='line_1_25' title="bbox 180 2329 861 2408; baseline -0.001 -18"><span class='ocrx_word' id='word_1_149' title='bbox 180 2347 240 2390; x_wconf 81' lang='lat' dir='ltr'>non</span> <span class='ocrx_word' id='word_1_150' title='bbox 256 2329 310 2387; x_wconf 88' lang='lat' dir='ltr'>sim</span> <span class='ocrx_word' id='word_1_151' title='bbox 324 2329 510 2403; x_wconf 89' lang='lat' dir='ltr'>consecutus,</span> <span class='ocrx_word' id='word_1_152' title='bbox 522 2347 555 2389; x_wconf 92' lang='lat' dir='ltr'>ut</span> <span class='ocrx_word' id='word_1_153' title='bbox 565 2329 694 2408; x_wconf 89' lang='lat' dir='ltr'>superior</span> <span class='ocrx_word' id='word_1_154' title='bbox 704 2351 773 2392; x_wconf 84' lang='lat' dir='ltr'>mea</span> <span class='ocrx_word' id='word_1_155' title='bbox 784 2329 861 2392; x_wconf 84' lang='lat' dir='ltr'>causa</span> 
     </span>
     <span class='ocr_line' id='line_1_26' title="bbox 180 2407 860 2479; baseline 0.003 -9"><span class='ocrx_word' id='word_1_156' title='bbox 180 2407 312 2470; x_wconf 78' lang='lat' dir='ltr'>videatur</span> <span class='ocrx_word' id='word_1_157' title='bbox 330 2431 337 2469; x_wconf 91' lang='lat'>:</span> <span class='ocrx_word' id='word_1_158' title='bbox 363 2409 426 2470; x_wconf 92' lang='lat' dir='ltr'>sunt</span> <span class='ocrx_word' id='word_1_159' title='bbox 447 2412 526 2471; x_wconf 90' lang='lat' dir='ltr'>enirn</span> <span class='ocrx_word' id='word_1_160' title='bbox 549 2410 748 2479; x_wconf 85' lang='lat' dir='ltr'>vehementer.</span> <span class='ocrx_word' id='word_1_161' title='bbox 768 2411 860 2475; x_wconf 65' lang='lat' dir='ltr'>saurir</span> 
     </span>
     <span class='ocr_line' id='line_1_27' title="bbox 181 2486 861 2573; baseline -0.001 -25"><span class='ocrx_word' id='word_1_162' title='bbox 181 2487 337 2551; x_wconf 83' lang='lat' dir='ltr'>Antiochia</span> <span class='ocrx_word' id='word_1_163' title='bbox 346 2510 355 2562; x_wconf 83' lang='lat'>3</span> <span class='ocrx_word' id='word_1_164' title='bbox 370 2512 434 2571; x_wconf 85' lang='lat' dir='ltr'>quae</span> <span class='ocrx_word' id='word_1_165' title='bbox 449 2492 600 2572; x_wconf 83' lang='lat' dir='ltr'>diiigenter</span> <span class='ocrx_word' id='word_1_166' title='bbox 614 2513 630 2550; x_wconf 84' lang='lat' dir='ltr'>a</span> <span class='ocrx_word' id='word_1_167' title='bbox 645 2511 694 2550; x_wconf 90' lang='lat' dir='ltr'>me</span> <span class='ocrx_word' id='word_1_168' title='bbox 713 2486 861 2573; x_wconf 82' lang='lat' dir='ltr'>expressa,</span> 
     </span>
     <span class='ocr_line' id='line_1_28' title="bbox 182 2571 862 2644; baseline 0.004 -17"><span class='ocrx_word' id='word_1_169' title='bbox 182 2591 303 2641; x_wconf 71' lang='lat' dir='ltr'>acumen</span> <span class='ocrx_word' id='word_1_170' title='bbox 320 2572 428 2631; x_wconf 84' lang='lat' dir='ltr'>habent</span> <span class='ocrx_word' id='word_1_171' title='bbox 442 2571 601 2644; x_wconf 86' lang='lat' dir='ltr'>Antiochi,</span> <span class='ocrx_word' id='word_1_172' title='bbox 615 2573 741 2631; x_wconf 86' lang='lat' dir='ltr'>nitorem</span> <span class='ocrx_word' id='word_1_173' title='bbox 754 2572 862 2632; x_wconf 76' lang='lat' dir='ltr'>oratio-</span> 
     </span>
     <span class='ocr_line' id='line_1_29' title="bbox 182 2649 863 2732; baseline -0.001 -23"><span class='ocrx_word' id='word_1_174' title='bbox 182 2653 228 2722; x_wconf 86' lang='lat' dir='ltr'>nis</span> <span class='ocrx_word' id='word_1_175' title='bbox 242 2651 367 2712; x_wconf 87' lang='lat' dir='ltr'>nostrum</span> <span class='ocrx_word' id='word_1_176' title='bbox 380 2653 429 2724; x_wconf 20' lang='lat' dir='ltr'>3⁴si</span> <span class='ocrx_word' id='word_1_177' title='bbox 441 2651 534 2711; x_wconf 79' lang='lat' dir='ltr'>modo</span> <span class='ocrx_word' id='word_1_178' title='bbox 551 2655 573 2710; x_wconf 89' lang='lat' dir='ltr'>is</span> <span class='ocrx_word' id='word_1_179' title='bbox 590 2649 631 2711; x_wconf 88' lang='lat' dir='ltr'>est</span> <span class='ocrx_word' id='word_1_180' title='bbox 646 2653 748 2732; x_wconf 86' lang='lat' dir='ltr'>aliquis</span> <span class='ocrx_word' id='word_1_181' title='bbox 761 2654 792 2711; x_wconf 90' lang='lat' dir='ltr'>iu</span> <span class='ocrx_word' id='word_1_182' title='bbox 808 2671 863 2709; x_wconf 92' lang='lat' dir='ltr'>no·</span> 
     </span>
     <span class='ocr_line' id='line_1_30' title="bbox 77 2730 863 2813; baseline -0.01 -19"><span class='ocrx_word' id='word_1_183' title='bbox 77 2740 82 2749; x_wconf 94' lang='lat'>&#39;</span> <span class='ocrx_word' id='word_1_184' title='bbox 183 2732 239 2803; x_wconf 79' lang='lat' dir='ltr'>his.</span> <span class='ocrx_word' id='word_1_185' title='bbox 259 2733 317 2793; x_wconf 88' lang='lat' dir='ltr'>Sed</span> <span class='ocrx_word' id='word_1_186' title='bbox 342 2749 396 2803; x_wconf 87' lang='lat' dir='ltr'>tu,</span> <span class='ocrx_word' id='word_1_187' title='bbox 421 2731 567 2792; x_wconf 92' lang='lat' dir='ltr'>dandosne</span> <span class='ocrx_word' id='word_1_188' title='bbox 588 2750 672 2813; x_wconf 88' lang='lat' dir='ltr'>putes</span> <span class='ocrx_word' id='word_1_189' title='bbox 698 2735 753 2793; x_wconf 86' lang='lat' dir='ltr'>hos</span> <span class='ocrx_word' id='word_1_190' title='bbox 775 2730 863 2791; x_wconf 84' lang='lat' dir='ltr'>libros</span> 
     </span>
     <span class='ocr_line' id='line_1_31' title="bbox 180 2797 864 2893; baseline -0.006 -20"><span class='ocrx_word' id='word_1_191' title='bbox 180 2797 308 2883; x_wconf 62' lang='lat' dir='ltr'>Yanoni</span> <span class='ocrx_word' id='word_1_192' title='bbox 322 2856 332 2885; x_wconf 94' lang='lat'>,</span> <span class='ocrx_word' id='word_1_193' title='bbox 344 2814 432 2871; x_wconf 83' lang='lat' dir='ltr'>etiant</span> <span class='ocrx_word' id='word_1_194' title='bbox 447 2830 534 2893; x_wconf 84' lang='lat' dir='ltr'>atque</span> <span class='ocrx_word' id='word_1_195' title='bbox 550 2815 637 2874; x_wconf 86' lang='lat' dir='ltr'>etiarn</span> <span class='ocrx_word' id='word_1_196' title='bbox 648 2813 773 2874; x_wconf 83' lang='lat' dir='ltr'>videbis.</span> <span class='ocrx_word' id='word_1_197' title='bbox 787 2809 864 2883; x_wconf 84' lang='lat' dir='ltr'>Mihi</span> 
     </span>
     <span class='ocr_line' id='line_1_32' title="bbox 180 2893 769 2974; baseline 0.003 -21"><span class='ocrx_word' id='word_1_198' title='bbox 180 2894 313 2974; x_wconf 69' lang='lat' dir='ltr'>quadam</span> <span class='ocrx_word' id='word_1_199' title='bbox 332 2910 506 2958; x_wconf 86' lang='lat' dir='ltr'>occurrunt:</span> <span class='ocrx_word' id='word_1_200' title='bbox 527 2893 632 2969; x_wconf 84' lang='lat' dir='ltr'>sed-ea</span> <span class='ocrx_word' id='word_1_201' title='bbox 653 2894 769 2955; x_wconf 72' lang='lat' dir='ltr'>coriun.</span> 
     </span>
    </p>
   </div>
   <div class='ocr_carea' id='block_1_3' title="bbox 77 3286 314 3448">
    <p class='ocr_par' dir='ltr' id='par_1_3' title="bbox 77 3286 314 3448">
     <span class='ocr_line' id='line_1_33' title="bbox 77 3286 314 3448; baseline 0 0"><span class='ocrx_word' id='word_1_202' title='bbox 77 3286 314 3448; x_wconf 60' lang='lat' dir='ltr'>h.</span> 
     </span>
    </p>
   </div>
   <div class='ocr_carea' id='block_1_4' title="bbox 0 0 1086 3784">
    <p class='ocr_par' dir='ltr' id='par_1_4' title="bbox 0 0 1086 3784">
     <span class='ocr_line' id='line_1_34' title="bbox 0 0 1086 3784; baseline 0 0"><span class='ocrx_word' id='word_1_203' title='bbox 0 0 1086 3784; x_wconf 95' lang='lat' dir='ltr'> </span> 
     </span>
    </p>
   </div>
  </div>
 </body>
</html>
