2125 3784
331 241 629 309 zacritus.
765 264 824 333 403

170 347 284 402 Etr-‘m
304 381 312 408 ,
334 349 434 400 verbum
453 350 567 416 augurale
587 349 618 400 de
640 342 829 403 consecrationi·

125 420 201 483 bns,
223 421 427 473 dedicationibus.
445 421 501 472 A'tt.
523 436 551 487 13
570 457 578 482 ,
596 439 641 485 42.
658 423 744 491 opinor
759 443 830 494 angu-

128 504 172 548 ηε
190 494 255 546 nibil
269 494 356 545 babere
370 490 527 562 adtemptat
545 494 670 570 effandum.
680 494 741 564 Leg-
751 512 785 556 2,
801 498 829 550 8.

127 568 217 619 urben
236 568 259 619 ot
277 582 347 637 egros
368 568 392 618 ἃ
410 568 499 636 templa
523 568 628 618 liberata
648 569 674 619 ὑ·
691 567 766 636 effata
783 571 830 619 ia-

127 641 220 693 lam.
236 640 315 692 Dom.
335 656 361 706 5.
377 657 420 692 nec
436 641 619 692 ullum-verbum
636 632 736 709 solenne
749 647 832 711 potuis

129 713 220 783 witi.

173 787 384 840 Erramtttaa.
399 786 461 838 Nat.
483 802 500 838 2
518 821 527 847 ,
544 787 588 839 26.
606 787 770 855 effeminarunt
787 788 830 840 ai·

128 870 187 914 tem
198 894 207 921 ,
217 861 244 911 lt.
253 874 276 913 e.
285 862 397 912 feminam
405 862 535 920 lecerunt,
546 862 667 915 iunonem
676 863 831 930 appellando.

173 933 315 986 Eoum
329 967 339 995 ,
355 935 421 985 idem
440 933 506 1001 quod
521 933 618 1002 ejurare
635 969 644 996 ,
665 936 769 1002 aliquem
790 953 830 988 re·

130 1004 217 1075 ‘picena
229 1040 237 1066 ,
250 1024 322 1074 quem
335 1008 405 1058 uobis
419 1007 526 1074 iniquum
541 1020 661 1074 putamus.
676 1010 722 1060 Oc.
735 1025 751 1059 2
763 1042 771 1068 ,
783 1025 831 1071 7⁰·

130 1092 188 1131 nott
204 1096 248 1149 ego
265 1078 333 1129 illum
350 1079 405 1131 nili
420 1080 522 1146 iniquum
540 1080 601 1146 ejcro
620 1116 630 1138 ,
652 1078 696 1148 scd
715 1081 831 1134 omnibus.

130 1152 219 1205 Verr.
240 1164 277 1216 3,
295 1153 340 1202 60.
352 1167 442 1221 prator
450 1154 599 1220 provinciam
610 1151 678 1221 suam
696 1169 771 1203 totam
784 1155 831 1204 n'ii

135 1224 249 1293 ittipuam
270 1224 355 1289 ejurat.
379 1230 395 1260 *
410 1227 477 1277 Fam.
496 1241 532 1290 9,
553 1227 594 1277 16.
619 1241 645 1276 tu
670 1242 746 1276 antem
768 1229 832 1295 qnod

134 1296 226 1350 innam
252 1297 343 1365 copiam
366 1298 461 1365 ejectas,
480 1298 541 1351 ntiil
559 1300 600 1362 est.
622 1299 660 1350 Est
679 1313 760 1351 autem
779 1302 832 1352 lot·
935 1360 939 1368 Ι

135 1371 208 1422 mula
223 1387 238 1420 c
255 1371 311 1421 loro
328 1372 426 1437 petita,
448 1372 494 1439 qui
514 1370 661 1440 significatur
675 1374 777 1441 aliquem
789 1372 832 1440 ju-

135 1460 197 1496 rare
215 1443 240 1494 le
257 1461 307 1495 nou
327 1444 374 1495 elle
402 1445 520 1495 solvendo
543 1479 552 1506 ,
577 1463 627 1513 quo
648 1446 711 1496 lailo
729 1447 833 1512 persona

137 1514 259 1570 debitoris
276 1517 374 1587 pignori
394 1518 562 1585 capiebatur,
584 1519 610 1571 ot
631 1519 746 1570 creditori
762 1520 834 1570 addi·

137 1590 252 1643 sebatur.
830 1616 834 1623 ·

146 1670 151 1679 ’
176 1663 350 1718 Emortui.
373 1664 440 1716 Flac.
463 1664 509 1715 28.
528 1663 592 1732 quoti
607 1663 655 1713 itia
674 1681 731 1732 gens
749 1663 823 1723 viiia,

140 1739 204 1806 quad
233 1737 338 1789 elocuta.
363 1734 478 1788 Silanus
500 1736 534 1787 est
550 1740 646 1796 locus,
669 1737 748 1787 sensus
770 1738 803 1788 est
818 1770 832 1798 ,

140 1808 287 1879 necligalcnt
307 1806 354 1861 effe
372 1809 457 1860 fallam
476 1844 484 1870 ,
510 1811 661 1862 &locatam
677 1809 833 1877 publicanis,

141 1881 206 1951 quod
222 1879 322 1949 semu
339 1916 348 1942 ,
374 1882 426 1936 scil.
442 1884 468 1934 iu
485 1883 564 1934 nollra
583 1883 723 1951 potestate,
740 1902 787 1936 nec
806 1884 831 1936 se

140 1955 246 2009 liberare
263 1957 354 2024 potuit.

177 2022 344 2089 Eroctutr,
359 2027 445 2081 titulus
464 2056 472 2090 ,
488 2024 622 2098 inscriptio.
639 2030 714 2084 Tusc.
732 2045 764 2091 1,
785 2045 830 2093 14.

141 2100 200 2172 quisi
217 2098 271 2173 ipsa
293 2100 452 2172 sepulcrorum
477 2117 651 2164 monumenta,
676 2105 732 2173 quid
752 2104 834 2172 elogia

141 2174 303 2245 digaifismtl
321 2171 383 2228 ilinc
401 2174 469 2228 ‹luila
482 2194 510 2227 ea
528 2175 696 2244 significatio,
718 2177 764 2243 qui
779 2179 836 2229 elo·

143 2248 213 2317 giuttt
231 2264 278 2316 pro
298 2251 370 2300 laude
389 2251 490 2316 ponitur
507 2266 515 2300 t
535 2266 590 2300 nam
608 2248 672 2298 tituli
688 2258 834 2300 monumen·

143 2332 227 2372 torum
246 2324 403 2374 continebant
421 2324 542 2374 honorum
564 2337 694 2388 rerumque
715 2320 834 2389 gellarum

142 2392 253 2447 nomina.
273 2395 282 2418 ⁸
299 2396 390 2466 Elegia
408 2411 506 2463 quoque
529 2394 670 2446 dicebantur
686 2411 782 2445 reorum
801 2394 834 2447 ad

143 2466 286 2536 lltpplicium
309 2470 476 2520 ducendorum
497 2469 683 2534 inscriptiones,
701 2468 727 2518 in
747 2468 834 2534 quibus

143 2541 223 2593 ctusae
242 2541 389 2595 notabantur
407 2542 591 2593 damnationis:
610 2543 640 2590 ad
662 2557 730 2608 quam
748 2538 835 2590 simili-

141 2614 253 2667 cuonem
273 2612 364 2668 Cicero
378 2616 479 2667 Cluent.
496 2614 544 2677 48.
560 2614 660 2683 elogium
670 2615 698 2663 dc
711 2612 834 2673 testamen·

145 2699 171 2737 m
191 2686 298 2750 recitasti
317 2692 361 2748 en.
379 2689 480 2764 Egnatio
500 2723 510 2750 ,
530 2688 619 2742 idcirco
636 2682 664 2754 sc
686 2681 833 2750 cslctcdaffc

134 2754 221 2827 'filim
240 2759 289 2857 ic·
