2125 3784
220 354 281 440 328
431 358 672 424 NorAnoA

261 475 310 525 145
330 476 379 525 ‚70
395 459 436 511 De
452 462 498 512 illo
513 463 623 524 nostro...
641 462 758 530 exquirat.
775 460 836 528 Quo
854 463 912 516 seii.

220 537 300 585 animo
317 535 348 584 sit
363 534 483 602 Tigellius
498 537 523 586 in
542 536 576 600 Q.
596 538 742 587 Ciceronem
758 535 835 586 filium
847 572 855 597 ‚
868 541 912 591 cui

220 624 312 658 nocere
329 619 426 673 poterat
446 612 509 676 apud
530 609 660 662 Caesarem.

260 679 329 741 146,
344 680 370 729 8.
390 680 511 752 Quantum
525 685 652 750 acceperit.
670 682 799 748 Quatenus
814 683 838 734 se
851 683 913 735 mibi

219 753 340 820 placatum
358 748 500 819 pr'aebuerit.

257 824 319 877 lbid.
346 838 392 889 23.
411 829 451 879 Ne
471 825 571 879 ridiculi
591 829 703 880 micilbrr.
729 830 769 880 Ita
791 830 914 883 mendosi

220 898 329 949 codices.
347 901 415 951 Nihil
432 902 517 953 melius
536 903 642 953 occurrit
659 902 801 968 conjeeiuri
812 906 912 965 ouini.

220 972 262 1037 qui
281 1007 289 1028 ,
310 973 370 1022 teste
390 976 510 1033 Oliveto,
528 978 665 1041 reponebat
687 994 777 1027 vocem
796 977 914 1030 Graecam

221 1041 385 1120 μιαῦλθι,
403 1051 534 1114 parvulus,
554 1050 660 1099 humilis.

260 1126 323 1174 ibid.
343 1140 386 1187 24.
408 1123 447 1172 td
467 1123 586 1192 aequalem
605 1123 765 1190 similemque.
788 1139 834 1188 27·
853 1124 914 1176 Sine

222 1198 375 1249 adulatione.

265 1287 335 1337 147,
353 1286 379 1336 9.
397 1271 455 1320 Non
476 1270 652 1337 poenitendum.
679 1283 724 1335 23.
750 1269 913 1322 Curationem

223 1362 268 1412 per
286 1347 411 1396 vomitum.
434 1360 478 1403 24.
496 1345 630 1404 fidenter,
648 1345 700 1394 sine
711 1344 814 1410 periculi
829 1358 914 1405 metu,

223 1417 291 1486 large
302 1453 309 1477 ‚
321 1415 431 1484 copios'e.
455 1417 498 1467 28.
521 1417 572 1482 Qui
591 1419 655 1467 circa
674 1419 741 1467 illum
754 1451 761 1475 ,
773 1418 915 1469 familiares·

263 1492 312 1552 148
323 1525 331 1551 ,
342 1508 370 1551 4.
379 1491 474 1541 Serium
484 1491 585 1543 nihil....
594 1492 697 1542 erudita.
709 1491 734 1540 8.
745 1490 852 1556 Hospitii
858 1508 916 1558 pro·

224 1566 384 1615 curationem.

263 1652 336 1700 150,
357 1655 383 1689 2.
408 1636 514 1687 Deverti
537 1638 569 1688 ad
592 1636 669 1687 illum.
695 1636 820 1695 Matium,
842 1654 916 1703 quem

224 1709 281 1762 nuo
304 1713 402 1763 nomine
428 1713 547 1761 madarum
573 1724 616 1761 aut
636 1711 757 1759 colvenum
785 1713 916 1776 appellat,

224 1784 290 1851 quod
307 1798 360 1836 erat
375 1787 465 1837 calvus.
485 1784 564 1850 Hujus
581 1784 610 1834 ad
627 1783 773 1833 Ciceronem
789 1783 918 1850 epistolam

226 1858 284 1910 vide
302 1860 369 1910 Fam.
390 1875 441 1917 11,
458 1858 502 1908 28.

263 1932 325 1981 ibid.
347 1947 389 1995 17.
408 1932 451 1980 De
469 1929 556 1980 Sexto.
566 1928 673 1993 Pompeii
691 1926 770 1992 magni
790 1926 843 1978 filio
857 1964 865 1989 ,
877 1930 921 1999 qui

226 2003 252 2052 in
268 2004 340 2053 armis
358 2014 411 2052 erat
429 2002 453 2048 in
471 2000 593 2062 Hispania.

263 2075 325 2125 lbid.
342 2086 386 2123 20.
407 2070 528 2141 Quidquid
542 2070 627 2127 volet,
648 2069 718 2119 valde
730 2069 807 2122 volet.
821 2074 862 2124 lta
877 2093 920 2127 re.

226 2146 259 2213 gii
275 2146 393 2200 codices,
411 2160 456 2208 pro
474 2143 574 2209 vulgato
592 2142 645 2191 vult
664 2154 705 2192 aut
721 2143 784 2194 volt.

266 2230 336 2277 ¹5¹»
362 2228 404 2276 13.
425 2214 580 2273 calvitium,
605 2215 631 2265 8(
649 2233 692 2281 per
709 2217 917 2283 similitudinem,

225 2287 436 2354 promontorium,
457 2289 522 2354 quod
538 2301 667 2356 utrumque
686 2289 719 2339 est
735 2292 791 2339 albo
808 2297 918 2348 vertice.

225 2361 308 2411 Innuit
325 2362 416 2411 nuliam
429 2361 491 2427 apud
509 2361 612 2412 Matium
625 2362 696 2412 fidam
711 2364 758 2414 effe
772 2364 920 2430 stationem,

225 2435 321 2501 qualem
334 2433 408 2504 vulgi>
420 2437 529 2501 praebent
540 2436 716 2502 promontoria.

266 2521 336 2570 152,
357 2509 382 2560 8.
399 2510 479 2558 Inanis
495 2522 588 2560 terror.
610 2525 652 2572 15.
671 2510 769 2560 Sensum
784 2510 810 2561 ὃ(
827 2513 921 2563 volun·

225 2590 310 2632 tatem.
334 2596 376 2647 19.
396 2581 477 2632 Animi
493 2582 703 2650 significationem.

266 2669 313 2720 153
331 2688 339 2715 ‚
358 2669 384 2719 3.
403 2656 524 2716 Herem,
544 2658 632 2706 Brutus
651 2689 659 2715 ,
681 2655 779 2706 Cassius
797 2656 849 2707 &o
873 2673 918 2721 14.

225 2726 291 2779 Cibo
309 2728 444 2781 abstinuisti.
464 2746 508 2781 22.
529 2730 656 2781 Memoriae
674 2729 762 2795 lapsus.
779 2743 824 2795 23.
845 2731 920 2782 Con·

226 2803 334 2853 turbatio
346 2804 432 2853 multa.

265 2891 274 2925 r
283 2891 316 2939 54
330 2910 337 2935 ,
356 2890 380 2941 3.
402 2875 521 2938 Mobilia‚
542 2886 663 2942 tamquam
677 2874 792 2943 Euripus.
812 2890 855 2928 10.
866 2876 921 2929 Re·

227 2964 280 3001 rum
295 2966 421 3003 novarum.
