2125 3784
294 381 357 440 Ao
372 368 777 443 Arrrcuern.XV.
818 396 887 473 203

191 488 406 571 inexplicabilis
428 510 436 549 τ
459 491 499 549 ita
529 487 768 551 circumsedemur
794 496 889 574 copiis

190 571 341 635 omnibus.
357 571 409 632 Me
431 571 550 652 quidem
571 569 650 631 Bruti
670 572 791 646 linetae,
815 596 888 657 quaa

191 654 347 717 ostendisa
359 671 387 714 te
406 652 515 719 letias.
531 655 571 713 ita
590 654 811 733 perturbarunt,
834 674 887 733 ut,

190 755 370 819 quamquam
389 735 455 795 ante
476 734 602 815 egebam
621 735 766 810 consilio,
784 756 885 801 tamen

188 820 279 879 animi
295 816 401 878 dolore
419 819 473 875 sim
484 817 601 877 tardior.
611 814 669 877 Sed
684 818 766 897 plura
777 840 885 901 ,quum

187 898 241 961 ina
256 899 402 982 cognbto.
420 897 487 959 Hoc
503 917 600 959 autem
621 918 781 979 tempore,
801 902 884 982 quod

188 978 367 1052 scriberem,
380 980 452 1040 nihil
468 999 550 1053 erat,
568 978 663 1062 e6que
677 984 771 1042 minus
783 1028 793 1055 ‚
803 982 885 1062 qubd

189 1062 390 1135 dubitabam,
415 1078 446 1121 tu
472 1061 523 1120 has
547 1061 620 1142 ipsas
642 1062 749 1124 litteras
774 1065 884 1127 eilesne

189 1163 385 1225 accepturus:
402 1145 563 1204 eratenim
580 1145 742 1215 incertum,
764 1145 885 1207 visurus·

189 1244 232 1287 ne
255 1242 286 1285 te
311 1223 379 1286 effer
399 1226 575 1287 tabellarius.
595 1224 659 1308 Ego
689 1245 751 1287 tuas
775 1228 883 1289 litteras

191 1306 382 1371 vehementer
400 1306 547 1389 exspeblo.

284 1424 453 1490 thauo
496 1428 661 1495 Attico
704 1428 790 1493 Sta.

186 1512 274 1625 9.0
291 1548 428 1613 Breuni
449 1568 582 1611 amanter
610 1552 726 1633 scriptas
748 1551 881 1613 litteras!

187 1626 211 1687 ὃ
229 1631 360 1713 iniquum
378 1653 460 1694 tuum
481 1650 618 1711 tempus,
638 1638 686 1716 qui
701 1634 738 1694 ad
756 1655 824 1693 eum
837 1636 882 1694 ire

186 1728 253 1770 non
275 1716 368 1795 possis
391 1715 400 1774 l
424 1735 482 1796 ego
505 1734 604 1774 aurem
634 1716 704 1796 quid
728 1713 880 1774 scribam?

174 1808 223 1853 ·ut
243 1793 388 1857 beneficio
411 1794 529 1857 istorum
559 1796 702 1855 urantur?
723 1795 792 1875 quid
817 1813 884 1854 tur-

185 1875 279 1955 pius?
299 1895 331 1938 ut
352 1876 509 1937 moliantur
528 1877 663 1958 aliquid?
682 1896 737 1936 nec
754 1876 881 1952 audent,

185 1968 243 2017 n'ec
265 1956 324 2038 jam
345 1956 469 2039 possunt.
494 1957 586 2040 Age,
612 1957 758 2039 quiescant
780 1955 883 2018 aullo-

185 2039 267 2101 ribus
288 2039 401 2101 nobis?
417 2043 480 2121 quis
501 2040 732 2101 incolumitatem
748 2038 882 2120 praestet:

187 2120 302 2183 sivero
319 2122 429 2203 aliquid
448 2122 485 2181 de
508 2119 639 2182 Decimo
656 2125 771 2205 gravius
786 2144 794 2192 ;
814 2140 879 2203 qua

185 2200 291 2265 nostris
307 2207 392 2279 vita,
408 2206 495 2265 eriam
516 2206 645 2264 sinemo
666 2201 803 2264 molessus
822 2202 881 2264 sit?

186 2280 293 2346 Ludos
316 2286 392 2347 verb
422 2306 482 2345 non
509 2284 630 2355 facere,
654 2286 723 2365 quid
746 2283 882 2344 foedius?

185 2363 380 2429 Frumentum
401 2368 578 2447 imponere,
594 2387 656 2446 quae
673 2364 713 2425 est
732 2366 786 2424 alia
802 2366 880 2427 Dio·

186 2448 235 2507 nis
253 2448 281 2509 le
301 2448 442 2509 atiolaut
462 2448 542 2528 quod
562 2468 665 2507 munus
684 2450 715 2505 in
734 2448 883 2528 republica

188 2524 270 2589 sordi
291 2530 356 2591 iutl
376 2527 492 2590 Prorsus
510 2529 627 2609 quidem
646 2529 764 2589 consilia
783 2530 832 2589 tali
850 2532 882 2597 ip

191 2627 226 2669 re
243 2612 328 2671 neiis
346 2611 463 2695 quidem
481 2630 543 2671 tuta
560 2609 623 2670 sunt
634 2655 644 2684 ‚
657 2613 705 2693 qui
721 2612 789 2670 dant
808 2632 814 2668 :
830 2608 882 2669 sed

187 2693 304 2772 possim
321 2693 351 2753 id
363 2694 512 2776 negligere
529 2691 683 2773 proficiens
697 2691 816 2766 ;lrullra
830 2709 884 2748 ve-

185 2773 224 2833 ro
242 2772 314 2855 quid
332 2776 478 2857 ingrediar
496 2776 507 2834 ἓ
526 2775 629 2835 Matris
648 2776 772 2836 consilio
791 2788 886 2849 quum

187 2870 310 2931 utatur,
326 2848 377 2917 vel
397 2858 491 2917 eriam·
506 2859 661 2938 precibus,
683 2855 752 2937 quid
769 2869 817 2910 me
839 2851 885 2906 in·

189 2938 375 3021 luponem?
392 2938 452 3001 sed
468 2956 569 3000 tamen
585 2939 722 3075 cogitablo
734 2952 830 3023 2‚q¹²0.
838 2948 890 3011 ge·

728 3035 759 3094 v]
