2125 3784
277 401 339 455 an
353 380 775 456 ArricnnL13.XVI.
797 387 866 478 267

174 504 292 569 summo
315 501 462 565 beneficio
489 501 593 583 gratias
616 519 743 583 agamus.
770 499 869 582 Quod

175 590 201 650 ai
210 586 374 661 acciderit,
390 584 483 646 velim
499 584 540 642 sic
559 578 702 644 existimes
713 629 722 658 ‚
734 602 796 644 non
815 584 870 646 tibi

173 686 236 733 tam
256 669 411 742 Atticum,
430 660 511 743 cujus
528 683 686 806 permaqna
697 685 741 728 res
753 668 869 750 agitur,

216 750 265 812 *am
280 770 356 824 me,
375 750 426 830 qui
443 767 504 806 non
523 746 619 806 minis
651 745 761 824 aboro,
777 747 868 833 quim

206 853 252 908 e,
271 832 434 913 obligatum
452 828 526 889 fore.
544 828 632 893 Vale.

279 944 769 1013 C1cnnoCan1eon1S.

177 1034 287 1133 Non
302 1068 405 1130 dubito
420 1114 431 1144 ‚
448 1069 519 1150 quin
534 1069 662 1144 mirere,
680 1087 768 1153 atque
780 1068 870 1131 etiam

175 1151 387 1226 (innubere,
412 1150 494 1231 quod
522 1165 622 1209 tecum
648 1153 686 1214 de
715 1151 819 1213 eadem
837 1172 870 1213 re

176 1252 266 1316 agam
286 1230 395 1313 saepius.
415 1231 552 1291 Hominis
578 1229 814 1307 familiarissimi,
836 1232 870 1293 &

178 1313 253 1375 mihi
273 1312 407 1374 omnibus
426 1314 511 1373 rebus
534 1311 780 1390 conjunclissimi,
796 1332 871 1396 per·

176 1416 227 1457 ma
269 1416 285 1455 a
301 1415 347 1456 res
364 1395 455 1476 agitur
469 1391 570 1455 Anici.
586 1391 725 1480 Cognovi
740 1417 798 1480 ego
817 1413 868 1459 tua

176 1474 222 1539 nu
244 1480 271 1539 ‘a
292 1477 322 1536 in
342 1478 472 1548 amicos,
488 1475 577 1536 etiam
591 1478 621 1536 in
644 1495 673 1541 te
695 1481 869 1540 amicorum.

174 1556 308 1621 Multum
325 1575 410 1639 potes
428 1577 483 1617 nos
502 1556 581 1637 apud
598 1556 735 1619 Plancum
756 1557 869 1635 juvare.
930 1618 943 1641 „

175 1636 261 1702 Novi
279 1639 488 1699 humanitatem
509 1654 619 1697 tuam:
641 1640 700 1700 scio
723 1639 811 1720 quam
829 1641 868 1700 sis

176 1722 278 1785 amicis
296 1717 448 1799 jucundus.
464 1716 564 1778 Nemo
589 1739 643 1778 nos
661 1723 691 1780 in
710 1718 763 1778 hac
784 1717 867 1780 causa

197 1802 242 1865 lus
258 1800 361 1884 juvare
372 1798 488 1880 potest,
506 1798 594 1880 quim
610 1817 651 1861 tu.
663 1799 700 1861 Et
711 1819 756 1860 res
774 1801 813 1858 ita
825 1799 868 1861 est

176 1822 284 1958 lema,
303 1900 336 1944 ut
355 1882 444 1943 debet
462 1880 518 1942 elle
540 1925 548 1955 ,
570 1902 658 1962 quam
679 1880 809 1943 consules
829 1882 867 1943 de

178 1965 293 2029 consilii
311 1963 452 2025 sententia
471 1963 689 2040 decreverunt,
717 1983 806 2044 quum
832 1964 866 2025 &

177 2046 263 2133 lege,
275 2042 562 2107 &senatusconsulto
578 2045 797 2128 cognoscerent.
807 2043 867 2105 Ta·

175 2148 248 2191 men
265 2129 366 2189 omnia
383 2129 478 2209 posita
498 2142 631 2207 putamus
650 2131 680 2188 in
703 2125 800 2186 Planci
823 2129 866 2190 tui

176 2208 348 2273 liberalitate
355 2229 366 2282 3
374 2228 465 2349 auem
472 2207 591 2288 quidem
596 2209 766 2269 arbitramur
774 2228 865 2290 quum

176 2290 266 2355 officii
284 2293 355 2364 tui,
423 2289 588 2369 reipublicae
608 2290 694 2350 causi
716 2290 866 2351 decretum

174 2372 330 2435 consulum
352 2392 418 2431 com
441 2371 609 2431 robaturum
629 2416 639 2444 ‚
663 2389 725 2431 tum
741 2369 867 2431 libenter

174 2452 274 2516 nostri
293 2452 378 2513 causi
394 2392 451 2512 ele
468 2450 617 2511 faciurum.
625 2449 788 2528 Adiuvabis
804 2453 866 2534 igi-

174 2552 224 2599 tur
243 2579 253 2610 ,
274 2536 316 2595 mi
336 2531 470 2614 Capito:
490 2533 571 2614 quod
588 2550 620 2594 ut
636 2532 724 2594 facias
741 2578 752 2608 ,
771 2533 865 2604 vehes

173 2634 292 2681 menter
309 2616 400 2678 etiam
417 2632 503 2695 atque
523 2615 612 2677 etiam
629 2636 714 2700 rogo.
729 2612 816 2678 Vale.
