2125 3784
87 350 94 405 ’ἱ

232 379 298 431 An
312 361 519 431 Arncurr
535 364 621 435 [ιε.
634 365 718 437 XV.
756 392 821 463 213

87 522 92 545 .·
130 477 259 541 omnino
277 479 359 541 domi
377 497 451 537 meae
465 479 526 539 vidi
545 500 653 560 :quum
671 487 828 562 φιλοφςένος

87 574 92 581 ’
131 582 168 623 ex
188 580 231 622 eo
253 578 442 641 quaererem,
459 561 530 640 quid
551 583 626 643 opus
646 559 742 636 esset,
762 563 826 624 At-

87 656 89 661 ·
132 644 222 703 ticum
240 639 271 702 se
292 640 365 700 dixit
387 660 525 722 quaerere.
537 641 708 724 Superbiam
727 662 825 703 autem

134 726 222 805 ipsius
239 724 375 805 reginae,
396 741 485 803 quum
510 718 580 785 esset
597 741 675 784 trans
693 722 825 785 Tib'eritn

133 804 163 865 in
180 804 303 878 hortis,
322 823 553 866 commemorare
570 806 632 867 sine
650 825 757 886 magno
772 803 827 866 do·

132 886 195 947 lore
217 907 280 945 non
303 881 428 964 possum.
449 882 530 946 Nihil
552 887 639 967 igitur
661 907 727 946 cum
748 884 823 947 istis:

136 986 190 1027 nec
220 984 283 1027 tam
304 968 433 1025 animum
459 985 541 1040 me,
567 967 653 1046 quim
687 967 738 1029 vix
764 964 825 1027 sto-

135 1046 275 1109 machum
296 1046 403 1107 habere
421 1046 600 1107 arbitrantur.
613 1046 826 1108 Prosedionenr

133 1148 259 1203 meam,
276 1145 310 1189 ut
324 1128 440 1200 video,
461 1125 558 1189 Erotis
576 1128 747 1209 dispensatio
767 1132 827 1188 im-

134 1210 250 1291 pedit:
268 1228 335 1269 nam
352 1229 442 1291 quum
463 1229 499 1269 ex
520 1210 660 1290 reliquis,
699 1231 743 1270 uae
761 1208 828 1270 No·

138 1291 187 1351 nis
211 1288 305 1371 April.
325 1287 419 1364 sccit,
440 1291 489 1350 vel
508 1290 655 1351 abundare
675 1232 826 1365 debeam

136 1389 232 1454 cogor
246 1374 367 1433 mutuari
386 1391 394 1431 ι
410 1372 548 1511 quodpue
570 1391 607 1432 ex
626 1370 683 1433 istis
705 1371 828 1434 frudun-

136 1454 175 1515 sis
193 1451 283 1514 rebus
303 1469 452 1533 receptum
472 1473 488 1512 e
526 1498 537 1526 ,
556 1452 621 1514 ide
643 1477 662 1514 o
684 1454 721 1513 ad
742 1453 825 1514 illum

135 1530 239 1595 fanum
262 1531 422 1614 sepositum
450 1532 596 1614 putabam.
614 1475 672 1595 iged
689 1536 750 1595 haec
767 1533 826 1594 Ti-

135 1616 202 1677 roni
219 1616 380 1690 mandavi,
399 1635 488 1697 quem
500 1616 540 1676 ob
553 1634 619 1676 eam
635 1615 747 1676 causam
762 1615 827 1675 Ro·

135 1715 216 1759 mam
231 1698 299 1757 misi
315 1718 324 1757 s
344 1714 374 1759 te
387 1697 468 1758 nolui
482 1699 521 1757 im
546 1697 656 1757 editum
674 1697 827 1777 impedite.

137 1774 248 1841 Cicero
265 1776 364 1840 noster
380 1779 439 1859 qub
458 1799 509 1837 mo
531 1775 618 1838 estior
639 1775 702 1852 est,
720 1779 758 1836 eb
780 1797 828 1837 me

137 1861 230 1942 magis
249 1877 423 1922 commovet
445 1879 453 1918 t
481 1858 517 1919 ad
542 1878 591 1919 nte
612 1860 690 1918 enim
716 1856 829 1918 dehac

138 1960 169 2003 re
187 1938 262 2001 nihil
282 1941 416 2021 scripsit,
435 1940 473 2001 ad
495 1960 585 2022 quem
608 1941 744 2000 nimirum
766 1960 828 2018 po-

139 2022 284 2083 tissimum
312 2022 439 2084 debuit:
463 2021 575 2102 scripsit
594 2022 651 2082 hoc
671 2040 769 2081 autern
790 2019 828 2080 ad

139 2100 283 2165 'lironem
301 2148 313 2179 ,
334 2103 388 2164 sibi
401 2099 465 2184 post
478 2103 545 2163 Kal.
559 2102 652 2184 Apn‘l.
665 2101 678 2184 (
691 2106 731 2163 sic
747 2104 828 2162 enirn

140 2202 269 2247 annuum
287 2202 404 2265 tempus
414 2182 518 2244 confici
528 2188 543 2259 )
555 2185 623 2245 nihil
637 2185 736 2245 datum
747 2181 804 2244 esse
819 2203 827 2243 ι

139 2264 193 2327 tibi
209 2288 267 2349 pro
285 2284 335 2327 tua
353 2280 453 2326 natura
472 2265 586 2346 semper
606 2264 758 2346 placuisse,
777 2283 828 2326 te-

140 2366 198 2429 que
228 2344 397 2409 existimasse
421 2347 452 2406 id
477 2346 566 2407 etiam
598 2347 634 2406 ad
659 2347 829 2427 dignitatem

138 2448 241 2489 meam
261 2430 429 2509 pertinere,
450 2448 518 2489 eutn
539 2448 600 2486 non
626 2427 716 2486 modb
740 2427 830 2508 perli-

139 2508 311 2571 beralitera
329 2510 413 2571 nobis
423 2554 434 2583 ,
445 2508 494 2569 sed
511 2511 600 2568 etiam
619 2509 718 2569 ornat&
732 2529 831 2569 cumu-

141 2588 262 2670 latdque
282 2590 401 2651 crassari.
419 2589 522 2669 Quare
544 2590 633 2651 velim
652 2611 733 2651 cutes
748 2589 761 2672 (
775 2611 832 2651 nec

140 2668 201 2732 tibi
213 2667 299 2731 essem
314 2670 471 2747 molestus,
486 2674 508 2731 si
519 2691 572 2753 per
588 2673 675 2732 alium
693 2672 749 2733 hoc
761 2692 832 2752 age-

141 2770 177 2813 re
186 2748 327 2837 possem)
346 2772 378 2815 ut
389 2769 568 2834 permutetur
580 2753 711 2815 Athenas
724 2799 733 2828 ,
769 2749 832 2811 uod
916 2780 918 2787 ·

143 2834 183 2894 sit
201 2834 233 2893 in
251 2854 381 2897 annuum
399 2833 543 2917 sumptum
560 2837 589 2896 ei
608 2857 615 2894 ι
634 2835 740 2895 scilicet
784 2849 832 2890 ros

147 2914 312 2981 numerabit
328 2938 337 2980 a
358 2914 420 2999 ejus
438 2919 481 2981 tei
497 2916 608 2996 causi,
622 2915 767 2979 Tironem
779 2912 835 2987 tui·¹
