2125 3784
268 410 337 460 ma
460 385 763 458 Errsroaa

264 521 282 562 a
300 519 406 584 meque
420 501 509 564 etiam
526 517 615 584 arque
629 502 717 563 etiam
733 502 787 563 tibi
805 512 947 567 commen&
981 514 982 519 ’

263 581 361 643 datam
373 629 383 658 ,
395 583 585 658 aus’toritate,
603 583 636 643 δι
655 583 763 645 auxilio
780 601 834 645 tuo
848 586 947 648 tetram

262 665 336 724 velis
348 662 425 725 esse:
442 665 506 726 satis
523 666 577 725 erit
588 667 617 724 in
634 680 812 746 perpetuum
828 665 949 728 Buthro·

263 745 309 805 tiis
326 745 451 824 praesidii
466 793 476 821 ,
491 746 654 828 magnique
670 747 760 822 curia,
775 747 808 807 &
820 746 950 810 sollicitu-

263 823 332 886 dine
347 825 499 901 Atticum,
515 828 549 888 δι
561 847 608 888 me
622 826 751 889 liberaris
762 872 775 899 ,
794 831 818 888 si
830 828 891 889 hoc
900 829 950 890 ho·
964 900 968 911 ι

263 909 344 966 noris
358 911 415 970 mei
430 908 515 969 causi
530 906 707 989 susceperis,
724 926 757 968 ut
770 929 824 970 eos
843 908 949 993 semper

263 1004 330 1047 are
352 988 487 1050 defensos
502 989 587 1050 velis.
611 989 706 1068 Quod
733 1007 766 1050 ut
789 991 906 1067 facias,
923 1007 948 1055 te

263 1069 455 1133 vehementer
472 1072 561 1130 etiam
576 1087 662 1152 atque
676 1072 762 1131 etiam
780 1080 872 1154 rogo.'

305 1149 360 1210 His
375 1152 475 1213 litteris
488 1150 619 1233 scriptis,
640 1171 687 1211 me
705 1151 742 1211 ad
761 1151 948 1224 constatde·

264 1229 295 1289 di
308 1251 315 1289 :
329 1253 393 1314 quae
413 1232 531 1314 quidem
544 1277 554 1307 ,
572 1250 701 1304 vereor,
721 1251 758 1291 ne
770 1231 894 1292 miniati
905 1251 948 1303 ce,-

264 1311 327 1371 ruld
346 1313 396 1373 tud
415 1313 543 1394 pluribus
566 1313 638 1372 locis
664 1311 800 1372 notandae
818 1315 899 1387 sint3
915 1315 948 1374 iu

263 1389 324 1450 sum
350 1397 499 1475 μτέαμς,
529 1392 562 1454 8(
593 1395 706 1475 magnis
730 1393 948 1476 cogitationibus

262 1473 432 1554 impeditus.

371 1593 536 1659 Crcaao
567 1597 733 1661 Acrato
761 1595 852 1661 Sar..

266 1681 357 1798 15.L
368 1734 467 1777 ucto
486 1716 620 1778 Antonio
634 1716 709 1775 male
727 1718 789 1790 sit,
812 1716 949 1798 siquidem

264 1797 423 1860 Buthrotiis
449 1799 585 1859 molestus
602 1795 651 1858 est.
676 1795 738 1879 Ego
758 1797 950 1860 testimonium

263 1880 434 1960 composui,
453 1880 557 1959 quod,
576 1899 664 1960 quum
683 1878 766 1938 voles
787 1926 797 1951 ,
819 1880 952 1967 obsigna·

263 1961 318 2021 bis.
334 1960 382 2021 Tu
396 1980 531 2020 nummos
546 1960 742 2040 Arpinatum,
761 1961 786 2018 si
804 1959 838 2020 L.
850 1960 951 2024 Fadius

264 2041 366 2101 AEdilis
384 2055 486 2119 petet,
503 2043 553 2100 vel
572 2061 676 2101 omnes
694 2039 822 2102 reddito.
838 2039 904 2126 Ego
916 2042 951 2104 ad

263 2140 293 2183 re
311 2122 365 2181 alii
387 2118 507 2201 epistoli
530 2122 626 2201 scripsi
646 2121 684 2181 de
703 2120 774 2181 11-ss
799 2141 869 2198 cx,
892 2144 952 2206 qua

263 2202 354 2263 Statio
377 2200 551 2263 curarentur.
574 2203 604 2263 Si
628 2222 699 2284 ergo
722 2220 807 2281 petet
827 2203 951 2281 Fadius,

263 2286 291 2344 ei
311 2283 382 2345 volo
410 2282 515 2357 reddi3
535 2302 639 2364 praeter
666 2283 814 2358 Fadium,
833 2288 952 2348 nemini.

263 2363 353 2445 Apud
367 2384 413 2424 me
433 2367 504 2424 item
523 2382 596 2444 puto
617 2364 782 2445 depositum
798 2367 849 2426 :id
864 2412 876 2443 ,
891 2366 952 2428 scri·

264 2450 307 2526 psi
325 2447 361 2506 ad
374 2444 494 2506 Erotem
506 2491 515 2520 ,
526 2464 560 2504 ut
573 2445 717 2506 redderet.
729 2445 877 2527 Reginam
888 2448 952 2509 odit

262 2547 311 2588 me
331 2525 393 2605 jure
415 2526 510 2587 facere
533 2527 582 2588 scit
604 2525 724 2607 sponsor
747 2527 952 2608 promissorum

262 2606 324 2688 ejus
337 2608 512 2667 Ammonius
522 2627 531 2679 ;
543 2628 607 2688 quae
621 2608 738 2689 quidem
751 2627 833 2670 erant
844 2616 954 2684 prtia·-

262 2716 323 2763 γα,
345 2688 377 2748 &
392 2689 537 2770 dignitatis
553 2709 647 2763 meae3
664 2706 695 2750 ut
713 2689 762 2750 vel
778 2691 808 2749 in
827 2693 953 2750 concio·

263 2790 301 2831 ne
317 2769 413 2830 dicere
425 2769 575 2830 auderem.
593 2770 694 2830 Saram
715 2789 813 2832 autem
833 2789 953 2852 ptaeter·

261 2871 349 2932 quam
369 2851 449 2934 quod
466 2851 608 2913 nefarium
625 2852 775 2913 hominem
797 2853 953 2934 cognosci,

261 2949 401 3014 praterea
418 2936 447 2995 iu
466 2954 515 2997 me
535 2949 760 2998 contumacem:
777 2933 869 2997 semel
883 2953 953 2995 eum

582 3186 612 3201 ,a
