2125 3784
246 343 308 398 An
326 324 537 396 Arrrcurr
551 320 641 390 ιω.
654 318 726 391 XI.
781 332 829 415 ις

140 443 206 517 ita,
226 460 261 504 ut
280 461 328 502 me
349 441 520 519 exciperet,
539 437 710 499 &Laelium
728 438 831 499 nomi·

138 527 255 586 natirn:
274 519 355 600 quod
371 519 435 580 sane
451 520 578 580 nollem:
596 536 711 599 poterat
728 522 808 580 enirn
817 563 830 595 ‚

142 607 206 664 sine
227 604 344 662 nomine
363 645 373 675 ,
391 620 436 660 res
456 598 516 681 ipsa
535 602 638 681 excipi.
662 598 692 660 0
722 601 829 661 multas

143 683 177 744 &
190 703 293 766 graves
307 681 482 744 offensiones
493 680 503 741 ¹.
514 702 584 763 quas
598 681 714 762 quidem
727 699 758 742 tu
771 681 824 743 daa

141 785 264 845 operam
282 781 314 824 ut
330 763 442 836 lenias;
459 781 513 822 nec
531 780 630 823 tamen
649 763 720 822 nihil
737 759 829 844 profi·

141 847 182 906 cis
195 867 203 906 :
216 848 286 926 quin
296 846 353 906 hoc
364 843 426 925 ipso
439 845 544 903 minuis
556 842 691 905 dolorem
705 863 826 919 meum,

138 927 221 1008 qudd
240 973 250 1003 ,
274 941 307 985 ut
333 926 473 998 minuas,
494 942 556 984 tam
575 924 661 986 valde
680 923 793 986 laboras
812 946 824 1000 3

136 1008 226 1090 idque
248 1008 339 1070 velim
356 1026 394 1067 ne
414 1025 535 1089 gravere
559 1004 647 1085 quim
668 1002 826 1087 saepissime

137 1087 253 1150 facere:
266 1087 393 1148 maxime
403 1103 501 1147 autem
511 1084 657 1165 assequere
668 1087 749 1166 quod
763 1089 826 1163 vis,

137 1171 164 1230 si
182 1190 232 1230 me
255 1168 430 1243 adduxeris,
449 1183 483 1227 ut
500 1165 681 1240 existimem,
697 1187 745 1228 me
765 1168 828 1226 bo-

135 1271 245 1311 norum
263 1248 403 1330 judicium
428 1267 490 1309 uon
509 1247 638 1309 funditus
660 1245 827 1328 perdidiffe.

138 1329 333 1413 Quamquam
354 1330 424 1412 quid
448 1344 480 1390 tu
498 1331 529 1390 iu
552 1349 590 1390 eo
610 1328 729 1410 potes?
753 1329 825 1391 nihil

136 1411 264 1474 scilicet:
284 1412 356 1487 sed,
374 1411 482 1492 siquid
500 1431 546 1472 res
566 1409 646 1471 dabit
664 1410 717 1470 tibi
731 1409 828 1471 facul·

137 1495 225 1566 tatis,
247 1492 277 1552 id
300 1513 350 1554 me
373 1492 497 1552 maxime
524 1490 667 1552 consolari
712 1494 826 1568 oterit,

141 1572 224 1650 quod
240 1593 317 1632 nunc
337 1573 456 1652 quidem
473 1571 563 1633 video
583 1593 648 1632 non
662 1513 719 1633 ede
740 1592 749 1632 t
772 1571 825 1635 sed

143 1651 168 1707 si
187 1650 311 1730 quidex
330 1653 442 1711 eventis
460 1670 469 1722 3
487 1668 519 1710 ιιι
536 1652 595 1709 hoc
614 1671 690 1711 nunc
711 1653 826 1716 accidit.

136 1727 275 1791 Dicebat
288 1729 414 1789 debuille
429 1750 495 1788 cum
509 1727 658 1807 Pompeio.
667 1729 826 1810 proficisci:

137 1813 232 1871 exitus
251 1809 328 1870 illius
342 1811 447 1870 minuit
463 1807 526 1886 ejus
541 1806 827 1891 officiipraet'ermissi

133 1891 397 1972 reprehensionem
419 1909 427 1950 τ
447 1889 497 1950 sed
525 1909 563 1950 ex
590 1891 726 1952 omnibns
752 1886 823 1956 nihil

134 1975 226 2056 magis
245 1990 343 2033 tamen
366 1972 566 2045 desideratur,
584 1971 673 2053 qu'am
692 1974 771 2054 qudd
788 1977 821 2039 in

133 2052 263 2115 Africam
279 2074 339 2115 non
352 2056 454 2114 ierim:
467 2050 577 2130 judicio
589 2054 646 2114 hoe
660 2051 721 2114 sum
735 2055 820 2131 usus,

133 2153 195 2195 non
211 2133 268 2196 elle
283 2135 409 2196 barbaris
424 2134 535 2193 auxiliis
547 2132 736 2194 fallacissimae
750 2158 823 2219 gen·

132 2218 170 2275 tis
188 2216 395 2295 rempublicam
413 2213 647 2290 defendendam,
686 2215 821 2282 raesertim

131 2312 235 2357 contra
246 2299 406 2359 exercitum
419 2295 493 2376 saepe
503 2294 655 2358 nidorem.
700 2317 821 2380 unpro-

131 2377 202 2438 bant
224 2375 364 2440 fortasse:
388 2377 496 2438 multos
518 2378 599 2436 enim
619 2379 698 2438 viros
722 2379 819 2445 bunos

131 2459 163 2518 in
183 2455 316 2518 Africam
335 2456 443 2519 venisse
462 2455 578 2531 audio,
605 2456 637 2518 δι
658 2458 717 2521 scio
735 2458 817 2524 fuiffe

131 2554 227 2600 antea.
245 2532 342 2600 Valde
362 2537 419 2599 huc
439 2537 507 2598 loco
520 2557 651 2621 urgeor:
669 2538 718 2601 hi'c
737 2561 818 2623 quo-

132 2637 192 2700 que
207 2627 282 2699 opus'
295 2617 336 2681 ell
350 2618 430 2681 casu:
446 2618 534 2701 aliqui
548 2624 604 2681 sint
619 2641 656 2682 ex
671 2623 733 2695 eis,
748 2640 815 2700 aut,

131 2703 155 2762 si
177 2700 269 2781 potest
289 2746 299 2775 ,
319 2721 449 2776 omnes,
474 2702 524 2782 qui
544 2700 667 2763 'salutem
688 2719 814 2784 antepo-

131 2798 215 2843 nant:
226 2801 292 2842 nam
306 2783 330 2844 si
341 2783 525 2866 perseverant
536 2783 568 2842 &
580 2782 730 2856 obtinent3
744 2781 817 2860 quid

134 2861 215 2927 uubis
228 2861 359 2930 futurum
372 2867 411 2932 sit
422 2864 517 2931 vides.
527 2861 641 2942 Dices,
654 2861 725 2946 quid
737 2861 817 2950 dlis,

953 2940 969 3087 l
