2125 3784
254 372 334 445 'Au
351 376 559 447 A-rrtcvm
573 359 662 451 Lm.
675 379 780 449 XVI.
808 392 876 475 231'

185 480 305 555 socrum
322 491 402 552 illam
424 491 586 553 ferendam.
607 493 731 585 Pimdaro
755 496 801 558 de'
814 493 878 557 Cu·

183 573 879 738 ggtelfiaffigaffieriffluucaczigltg·rfieliiuiasssii

183 736 215 798 hi
232 737 392 820 pollicetur
409 735 437 797 se
455 734 604 798 Catonem
622 759 630 797 τ
650 742 709 820 egit
729 758 824 800 autem
844 739 877 800 δι
929 739 932 747 '

183 839 296 901 parer,
318 818 351 878 &
367 816 466 893 filius,
482 836 515 879 ut
535 819 589 879 tibi
609 816 783 900 sponderem
799 840 809 895 3
825 818 876 881 sed

184 902 246 978 ita,
263 916 298 960 ut
315 916 378 959 tum
397 899 652 981 crederes‚quum
673 901 733 982 ipse
755 900 877 985 cognos-

185 980 241 1043 [οε.
252 978 332 1043 Huic
341 998 400 1062 ego
411 980 518 1042 litteras
530 982 767 1061 ipsius'arbitratu
778 983 853 1043 dabo
864 1002 875 1056 ;

185 1080 230 1123 οε
243 1080 275 1125 te
285 1080 325 1122 ne
341 1063 506 1123 moverint:
517 1062 569 1122 has
581 1061 679 1144 scripsi
690 1065 798 1124 ineam
812 1084 878 1144 par·

185 1157 249 1203 tem
262 1186 274 1217 2
288 1161 327 1203 ne
344 1161 395 1202 me
408 1161 522 1203 morum
542 1160 667 1222 putares.
688 1141 743 1204 Dii
759 1142 877 1219 faxint,

186 1221 328 1284 itt-fatiat
349 1243 416 1298 ea,
442 1244 507 1304 quae
532 1227 677 1305 promittit
694 1244 702 1282 τ
719 1244 877 1287 commune

190 1305 270 1365 enim
316 1304 437 1375 udiumt
450 1304 499 1366 sed
514 1323 591 1387 ego.
600 1347 609 1365 .
619 1347 628 1366 .
640 1303 721 1365 Nihil
734 1305 801 1366 dico
812 1326 876 1365 am·

186 1324 319 1465 pliurffi
333 1384 401 1446 hine
420 1403 473 1446 vu
494 1383 589 1446 Idus:
608 1387 647 1447 air
658 1388 737 1448 enim
753 1387 877 1448 attribu·

187 1468 299 1528 tionem
318 1465 349 1526 irr
369 1464 439 1527 Idus
457 1486 467 1540 ;
486 1465 517 1528 se
534 1483 632 1528 autem
646 1471 742 1550 urgeri
760 1470 873 1532 acriter.

187 1543 234 1609 Tu
253 1567 293 1609 ex
314 1549 388 1629 meis
407 1548 530 1621 litteris,
556 1569 614 1629 quo
633 1549 727 1619 modo
751 1550 800 1611 res
817 1570 874 1610 on·

183 1627 278 1704 dens,
296 1627 497 1690 moderabere.
510 1627 595 1689 Plura
611 1674 621 1704 ,
638 1650 729 1710 quum
745 1630 776 1691 &
795 1572 875 1689 iru-

185 1724 248 1771 tum
266 1708 372 1772 videro
386 1729 396 1783 ;
414 1710 447 1771 &
465 1709 589 1771 Erotem
601 1713 758 1772 remittam.
769 1710 876 1770 Atticae

186 1810 259 1852 mem
279 1789 495 1853 excusationem
508 1793 643 1870 accipio,
662 1810 786 1872 eamque
807 1810 875 1850 amo

187 1872 344 1955 plurimum
363 1892 371 1931 t
396 1874 465 1947 cui,
487 1873 520 1933 &
538 1871 616 1932 Piliae
632 1871 766 1932 'salutem-

205 2054 208 2059 .
288 1992 456 2059 Crcuuo
486 1991 653 2055 Arrrco
683 1990 772 2054 sir.

190 2078 353 2176 mTuAs
377 2111 437 2195 jam
461 2113 570 2175 litteras
591 2113 697 2175 Brutus
723 2111 874 2195 exspeiia-

188 2194 255 2273 δικ
268 2197 316 2258 cui
332 2197 451 2278 quidem
464 2215 521 2279 ego
541 2216 654 2258 novum
671 2196 822 2257 attuleram
835 2195 873 2257 de

189 2274 289 2341 Tereo
314 2276 426 2338 Accii:
449 2277 499 2337 ille
515 2275 637 2337 Brutum
661 2278 790 2358 putabat.
813 2275 873 2339 Sed

187 2374 284 2421 nmen
293 2360 417 2419 rumoris
425 2356 523 2419 nescio
536 2356 606 2439 quid
617 2355 764 2418 afflaverat
772 2401 782 2430 ‚
790 2378 874 2417 com·

187 2434 874 2520 missioneGraecommfrequentiamnonfuisse3

188 2521 267 2601 qnod
295 2521 413 2604 quidem
441 2540 491 2580 me
520 2519 649 2599 minimi¹
666 2517 797 2592 fefelli13
820 2518 874 2583 scis

187 2605 293 2676 mim,
318 2602 388 2683 quid
410 2622 468 2685 ego
491 2601 528 2662 de
550 2598 662 2663 Graecis
678 2601 752 2662 ludis
776 2598 872 2662 existi-

186 2700 276 2745 mem.
298 2681 384 2744 Nunc
405 2683 474 2745 audi
493 2682 574 2765 quod
596 2683 684 2764 pluris
702 2680 767 2757 est,
784 2681 872 2764 quim

186 2769 297 2826 omnia.
312 2764 441 2846 Quintus
459 2763 514 2825 fuit
527 2784 645 2827 mecum
661 2764 722 2825 dies
740 2761 874 2843 complu·

185 2863 256 2920 κη
276 2846 308 2906 &
321 2890 330 2919 ‚
345 2849 370 2907 si
383 2867 441 2930 ego
460 2865 617 2929 cuperem,
638 2845 687 2906 ille
705 2845 755 2907 vel
773 2842 872 2981 flures

184 2922 281 2990 fuisset
293 2947 302 2988 τ
312 2926 363 2989 sed
374 2972 385 3007 ,
397 2945 538 3010 quantum
550 2925 604 2988 fuit
613 2971 623 3003 ,
632 2923 772 2988 incredibi
784 2940 800 2983 e
814 2916 874 2997 est,
