<?xml version="1.0" encoding="UTF-8"?>
<!DOCTYPE html PUBLIC "-//W3C//DTD XHTML 1.0 Transitional//EN"
    "http://www.w3.org/TR/xhtml1/DTD/xhtml1-transitional.dtd">
<html xmlns="http://www.w3.org/1999/xhtml" xml:lang="en" lang="en">
 <head>
  <title>
</title>
<meta http-equiv="Content-Type" content="text/html;charset=utf-8" />
  <meta name='ocr-system' content='tesseract 3.04.00' />
  <meta name='ocr-capabilities' content='ocr_page ocr_carea ocr_par ocr_line ocrx_word'/>
</head>
<body>
  <div class='ocr_page' id='page_1' title='image "./mtulliiciceroni02lallgoog/mtulliiciceroni02lallgoog_0256.png"; bbox 0 0 2125 3784; ppageno 0'>
   <div class='ocr_carea' id='block_1_1' title="bbox 142 381 635 475">
    <p class='ocr_par' dir='ltr' id='par_1_1' title="bbox 142 381 635 475">
     <span class='ocr_line' id='line_1_1' title="bbox 142 381 635 475; baseline -0.006 -23"><span class='ocrx_word' id='word_1_1' title='bbox 142 382 209 471; x_wconf 85' lang='lat'>246</span> <span class='ocrx_word' id='word_1_2' title='bbox 324 381 635 475; x_wconf 59' lang='lat' dir='ltr'>Enrsrozrn</span> 
     </span>
    </p>
   </div>
   <div class='ocr_carea' id='block_1_2' title="bbox 140 493 834 1788">
    <p class='ocr_par' dir='ltr' id='par_1_2' title="bbox 140 493 834 1788">
     <span class='ocr_line' id='line_1_2' title="bbox 140 493 824 580; baseline 0.003 -24"><span class='ocrx_word' id='word_1_3' title='bbox 140 496 211 556; x_wconf 77' lang='lat' dir='ltr'>rim.</span> <span class='ocrx_word' id='word_1_4' title='bbox 223 493 344 557; x_wconf 85' lang='lat' dir='ltr'><strong>Antonii</strong></span> <span class='ocrx_word' id='word_1_5' title='bbox 361 495 485 559; x_wconf 64' lang='lat' dir='ltr'>edilium</span> <span class='ocrx_word' id='word_1_6' title='bbox 497 497 554 580; x_wconf 84' lang='lat' dir='ltr'>legi</span> <span class='ocrx_word' id='word_1_7' title='bbox 565 519 581 557; x_wconf 86' lang='lat' dir='ltr'>a</span> <span class='ocrx_word' id='word_1_8' title='bbox 592 494 684 557; x_wconf 89' lang='lat' dir='ltr'>Bruto</span> <span class='ocrx_word' id='word_1_9' title='bbox 696 540 707 570; x_wconf 91' lang='lat'>,</span> <span class='ocrx_word' id='word_1_10' title='bbox 719 494 752 556; x_wconf 72' lang='grc' dir='ltr'>δι</span> <span class='ocrx_word' id='word_1_11' title='bbox 767 497 824 558; x_wconf 88' lang='lat' dir='ltr'>ho·</span> 
     </span>
     <span class='ocr_line' id='line_1_3' title="bbox 141 577 825 660; baseline 0.004 -23"><span class='ocrx_word' id='word_1_12' title='bbox 141 598 206 637; x_wconf 88' lang='lat' dir='ltr'>rum</span> <span class='ocrx_word' id='word_1_13' title='bbox 229 578 348 653; x_wconf 73' lang='lat' dir='ltr'>contria,</span> <span class='ocrx_word' id='word_1_14' title='bbox 363 578 499 660; x_wconf 86' lang='lat' dir='ltr'>scriptum</span> <span class='ocrx_word' id='word_1_15' title='bbox 519 578 675 659; x_wconf 68' lang='lat' dir='ltr'>praeclaret</span> <span class='ocrx_word' id='word_1_16' title='bbox 692 577 742 638; x_wconf 88' lang='lat' dir='ltr'>sed</span> <span class='ocrx_word' id='word_1_17' title='bbox 759 579 825 660; x_wconf 87' lang='lat' dir='ltr'>quid</span> 
     </span>
     <span class='ocr_line' id='line_1_4' title="bbox 141 655 825 740; baseline 0.004 -24"><span class='ocrx_word' id='word_1_18' title='bbox 141 655 190 717; x_wconf 87' lang='lat' dir='ltr'>ista</span> <span class='ocrx_word' id='word_1_19' title='bbox 215 657 307 719; x_wconf 63' lang='lat' dir='ltr'>edilia</span> <span class='ocrx_word' id='word_1_20' title='bbox 331 660 475 734; x_wconf 84' lang='lat' dir='ltr'>valeant,</span> <span class='ocrx_word' id='word_1_21' title='bbox 505 678 554 720; x_wconf 85' lang='lat' dir='ltr'>aut</span> <span class='ocrx_word' id='word_1_22' title='bbox 582 660 641 740; x_wconf 83' lang='lat' dir='ltr'>qub</span> <span class='ocrx_word' id='word_1_23' title='bbox 670 657 825 738; x_wconf 67' lang='lat' dir='ltr'>spellent‚</span> 
     </span>
     <span class='ocr_line' id='line_1_5' title="bbox 142 739 828 823; baseline 0.006 -26"><span class='ocrx_word' id='word_1_24' title='bbox 142 739 229 819; x_wconf 68' lang='lat' dir='ltr'>plane</span> <span class='ocrx_word' id='word_1_25' title='bbox 240 761 302 799; x_wconf 91' lang='lat' dir='ltr'>non</span> <span class='ocrx_word' id='word_1_26' title='bbox 315 742 403 803; x_wconf 87' lang='lat' dir='ltr'>video</span> <span class='ocrx_word' id='word_1_27' title='bbox 416 762 426 812; x_wconf 88' lang='lat'>;</span> <span class='ocrx_word' id='word_1_28' title='bbox 443 762 497 802; x_wconf 87' lang='lat' dir='ltr'>nec</span> <span class='ocrx_word' id='word_1_29' title='bbox 516 761 575 823; x_wconf 83' lang='lat' dir='ltr'>ego</span> <span class='ocrx_word' id='word_1_30' title='bbox 591 760 669 799; x_wconf 88' lang='lat' dir='ltr'>nunc</span> <span class='ocrx_word' id='word_1_31' title='bbox 684 784 694 813; x_wconf 91' lang='lat'>‚</span> <span class='ocrx_word' id='word_1_32' title='bbox 713 757 746 799; x_wconf 89' lang='lat' dir='ltr'>ut</span> <span class='ocrx_word' id='word_1_33' title='bbox 758 740 828 801; x_wconf 91' lang='lat' dir='ltr'>Bru·</span> 
     </span>
     <span class='ocr_line' id='line_1_6' title="bbox 142 820 829 902; baseline 0 -21"><span class='ocrx_word' id='word_1_34' title='bbox 142 836 187 881; x_wconf 90' lang='lat' dir='ltr'>tus</span> <span class='ocrx_word' id='word_1_35' title='bbox 210 821 372 896; x_wconf 85' lang='lat' dir='ltr'>censebat,</span> <span class='ocrx_word' id='word_1_36' title='bbox 393 821 460 883; x_wconf 90' lang='lat' dir='ltr'>istuc</span> <span class='ocrx_word' id='word_1_37' title='bbox 481 821 517 881; x_wconf 86' lang='lat' dir='ltr'>ad</span> <span class='ocrx_word' id='word_1_38' title='bbox 543 820 757 902; x_wconf 87' lang='lat' dir='ltr'>rempublicam</span> <span class='ocrx_word' id='word_1_39' title='bbox 779 842 829 881; x_wconf 87' lang='lat' dir='ltr'>ca-</span> 
     </span>
     <span class='ocr_line' id='line_1_7' title="bbox 142 898 830 983; baseline 0.003 -23"><span class='ocrx_word' id='word_1_40' title='bbox 142 898 309 980; x_wconf 84' lang='lat' dir='ltr'>pellendam</span> <span class='ocrx_word' id='word_1_41' title='bbox 329 906 428 964; x_wconf 91' lang='lat' dir='ltr'>venio.</span> <span class='ocrx_word' id='word_1_42' title='bbox 449 903 533 982; x_wconf 88' lang='lat' dir='ltr'><strong>Quid</strong></span> <span class='ocrx_word' id='word_1_43' title='bbox 547 904 627 965; x_wconf 90' lang='lat' dir='ltr'>enim</span> <span class='ocrx_word' id='word_1_44' title='bbox 640 900 703 962; x_wconf 85' lang='lat' dir='ltr'>fieri</span> <span class='ocrx_word' id='word_1_45' title='bbox 715 900 830 983; x_wconf 87' lang='lat' dir='ltr'>potestl</span> 
     </span>
     <span class='ocr_line' id='line_1_8' title="bbox 143 982 831 1064; baseline 0.007 -24"><span class='ocrx_word' id='word_1_46' title='bbox 143 1002 215 1040; x_wconf 88' lang='lat' dir='ltr'>num</span> <span class='ocrx_word' id='word_1_47' title='bbox 236 986 299 1064; x_wconf 87' lang='lat' dir='ltr'>quis</span> <span class='ocrx_word' id='word_1_48' title='bbox 318 982 411 1044; x_wconf 89' lang='lat' dir='ltr'>Pisoni</span> <span class='ocrx_word' id='word_1_49' title='bbox 431 983 472 1045; x_wconf 87' lang='lat' dir='ltr'>est</span> <span class='ocrx_word' id='word_1_50' title='bbox 492 982 639 1044; x_wconf 81' lang='lat' dir='ltr'>allensus?</span> <span class='ocrx_word' id='word_1_51' title='bbox 658 1003 730 1042; x_wconf 90' lang='lat' dir='ltr'>num</span> <span class='ocrx_word' id='word_1_52' title='bbox 748 984 831 1046; x_wconf 90' lang='lat' dir='ltr'>rediit</span> 
     </span>
     <span class='ocr_line' id='line_1_9' title="bbox 143 1061 830 1142; baseline 0.004 -21"><span class='ocrx_word' id='word_1_53' title='bbox 143 1061 204 1142; x_wconf 88' lang='lat' dir='ltr'>ipse</span> <span class='ocrx_word' id='word_1_54' title='bbox 226 1063 390 1142; x_wconf 84' lang='lat' dir='ltr'>postridie?</span> <span class='ocrx_word' id='word_1_55' title='bbox 412 1064 471 1126; x_wconf 89' lang='lat' dir='ltr'>Sed</span> <span class='ocrx_word' id='word_1_56' title='bbox 498 1063 593 1125; x_wconf 84' lang='lat' dir='ltr'>abelle</span> <span class='ocrx_word' id='word_1_57' title='bbox 618 1064 693 1122; x_wconf 83' lang='lat' dir='ltr'>lranc</span> <span class='ocrx_word' id='word_1_58' title='bbox 717 1081 830 1124; x_wconf 76' lang='lat' dir='ltr'>etatem</span> 
     </span>
     <span class='ocr_line' id='line_1_10' title="bbox 144 1142 831 1229; baseline 0.004 -27"><span class='ocrx_word' id='word_1_59' title='bbox 144 1143 232 1225; x_wconf 72' lang='lat' dir='ltr'>longe</span> <span class='ocrx_word' id='word_1_60' title='bbox 248 1167 264 1204; x_wconf 90' lang='lat' dir='ltr'>a</span> <span class='ocrx_word' id='word_1_61' title='bbox 282 1144 412 1225; x_wconf 86' lang='lat' dir='ltr'>sepulcro</span> <span class='ocrx_word' id='word_1_62' title='bbox 423 1164 531 1229; x_wconf 83' lang='lat' dir='ltr'>negant</span> <span class='ocrx_word' id='word_1_63' title='bbox 541 1163 690 1226; x_wconf 86' lang='lat' dir='ltr'>oportere.</span> <span class='ocrx_word' id='word_1_64' title='bbox 705 1142 764 1204; x_wconf 88' lang='lat' dir='ltr'>Sed</span> <span class='ocrx_word' id='word_1_65' title='bbox 776 1145 831 1205; x_wconf 91' lang='lat' dir='ltr'>ob-</span> 
     </span>
     <span class='ocr_line' id='line_1_11' title="bbox 146 1223 831 1307; baseline 0.003 -24"><span class='ocrx_word' id='word_1_66' title='bbox 146 1223 227 1285; x_wconf 88' lang='lat' dir='ltr'>secro</span> <span class='ocrx_word' id='word_1_67' title='bbox 246 1243 297 1298; x_wconf 85' lang='lat' dir='ltr'>te,</span> <span class='ocrx_word' id='word_1_68' title='bbox 316 1226 386 1307; x_wconf 90' lang='lat' dir='ltr'>quid</span> <span class='ocrx_word' id='word_1_69' title='bbox 403 1226 443 1286; x_wconf 88' lang='lat' dir='ltr'>est</span> <span class='ocrx_word' id='word_1_70' title='bbox 463 1227 543 1307; x_wconf 92' lang='lat' dir='ltr'>quod</span> <span class='ocrx_word' id='word_1_71' title='bbox 561 1225 658 1286; x_wconf 87' lang='lat' dir='ltr'>audivi</span> <span class='ocrx_word' id='word_1_72' title='bbox 673 1224 712 1284; x_wconf 92' lang='lat' dir='ltr'>de</span> <span class='ocrx_word' id='word_1_73' title='bbox 724 1224 831 1285; x_wconf 76' lang='lat' dir='ltr'>Bruto?</span> 
     </span>
     <span class='ocr_line' id='line_1_12' title="bbox 145 1302 831 1386; baseline 0.007 -24"><span class='ocrx_word' id='word_1_74' title='bbox 145 1302 246 1364; x_wconf 79' lang='lat' dir='ltr'><strong>Piliam</strong></span> <span class='ocrx_word' id='word_1_75' title='bbox 266 1332 309 1365; x_wconf 70' lang='grc' dir='ltr'>πα</span> <span class='ocrx_word' id='word_1_76' title='bbox 326 1308 442 1383; x_wconf 49' lang='lat' dir='ltr'>rigidari</span> <span class='ocrx_word' id='word_1_77' title='bbox 460 1307 627 1383; x_wconf 59' lang='lat' dir='ltr'>tegamini,</span> <span class='ocrx_word' id='word_1_78' title='bbox 648 1321 678 1365; x_wconf 85' lang='lat' dir='ltr'>te</span> <span class='ocrx_word' id='word_1_79' title='bbox 698 1304 831 1386; x_wconf 79' lang='lat' dir='ltr'>scripsisse</span> 
     </span>
     <span class='ocr_line' id='line_1_13' title="bbox 146 1383 832 1460; baseline 0.003 -17"><span class='ocrx_word' id='word_1_80' title='bbox 146 1384 250 1443; x_wconf 75' lang='lat' dir='ltr'>aiebat.</span> <span class='ocrx_word' id='word_1_81' title='bbox 266 1383 314 1442; x_wconf 86' lang='lat' dir='ltr'>Va</span> <span class='ocrx_word' id='word_1_82' title='bbox 327 1385 363 1444; x_wconf 88' lang='lat' dir='ltr'>de</span> <span class='ocrx_word' id='word_1_83' title='bbox 380 1384 441 1445; x_wconf 89' lang='lat' dir='ltr'>sum</span> <span class='ocrx_word' id='word_1_84' title='bbox 458 1405 644 1455; x_wconf 77' lang='lat' dir='ltr'>commotus3</span> <span class='ocrx_word' id='word_1_85' title='bbox 666 1388 724 1446; x_wconf 92' lang='lat' dir='ltr'>etsi</span> <span class='ocrx_word' id='word_1_86' title='bbox 736 1388 832 1460; x_wconf 89' lang='lat' dir='ltr'>idern,</span> 
     </span>
     <span class='ocr_line' id='line_1_14' title="bbox 147 1463 833 1547; baseline 0.006 -24"><span class='ocrx_word' id='word_1_87' title='bbox 147 1464 334 1538; x_wconf 77' lang='lat' dir='ltr'>rescribere,</span> <span class='ocrx_word' id='word_1_88' title='bbox 349 1463 461 1544; x_wconf 87' lang='lat' dir='ltr'>sperare</span> <span class='ocrx_word' id='word_1_89' title='bbox 481 1466 585 1527; x_wconf 83' lang='lat' dir='ltr'>rnelilrs</span> <span class='ocrx_word' id='word_1_90' title='bbox 605 1489 613 1525; x_wconf 78' lang='grc' dir='ltr'><strong>ι</strong></span> <span class='ocrx_word' id='word_1_91' title='bbox 629 1469 667 1525; x_wconf 84' lang='lat' dir='ltr'>ita</span> <span class='ocrx_word' id='word_1_92' title='bbox 684 1467 833 1547; x_wconf 70' lang='lat' dir='ltr'>planeve·</span> 
     </span>
     <span class='ocr_line' id='line_1_15' title="bbox 147 1544 834 1627; baseline 0.006 -22"><span class='ocrx_word' id='word_1_93' title='bbox 147 1544 198 1605; x_wconf 89' lang='lat' dir='ltr'>lim</span> <span class='ocrx_word' id='word_1_94' title='bbox 218 1565 225 1602; x_wconf 90' lang='lat'>:</span> <span class='ocrx_word' id='word_1_95' title='bbox 243 1546 270 1604; x_wconf 89' lang='lat' dir='ltr'>ei</span> <span class='ocrx_word' id='word_1_96' title='bbox 291 1544 368 1605; x_wconf 87' lang='lat' dir='ltr'>dicas</span> <span class='ocrx_word' id='word_1_97' title='bbox 385 1547 702 1627; x_wconf 79' lang='lat' dir='ltr'>plurimamlalutem,</span> <span class='ocrx_word' id='word_1_98' title='bbox 724 1549 755 1607; x_wconf 90' lang='lat'>&amp;</span> <span class='ocrx_word' id='word_1_99' title='bbox 768 1547 834 1609; x_wconf 93' lang='lat' dir='ltr'>sua-</span> 
     </span>
     <span class='ocr_line' id='line_1_16' title="bbox 148 1624 834 1711; baseline 0.007 -27"><span class='ocrx_word' id='word_1_100' title='bbox 148 1627 272 1685; x_wconf 83' lang='lat' dir='ltr'>vissimae</span> <span class='ocrx_word' id='word_1_101' title='bbox 282 1624 472 1689; x_wconf 88' lang='lat' dir='ltr'>Atticae.Haec</span> <span class='ocrx_word' id='word_1_102' title='bbox 482 1628 579 1709; x_wconf 86' lang='lat' dir='ltr'>scripsi</span> <span class='ocrx_word' id='word_1_103' title='bbox 590 1629 656 1687; x_wconf 87' lang='lat' dir='ltr'>navi</span> <span class='ocrx_word' id='word_1_104' title='bbox 679 1650 741 1703; x_wconf 88' lang='lat' dir='ltr'>ans,</span> <span class='ocrx_word' id='word_1_105' title='bbox 748 1648 834 1711; x_wconf 88' lang='lat' dir='ltr'>quum</span> 
     </span>
     <span class='ocr_line' id='line_1_17' title="bbox 148 1648 720 1788; baseline 0.005 -21"><span class='ocrx_word' id='word_1_106' title='bbox 148 1704 360 1788; x_wconf 82' lang='lat' dir='ltr'>Pompeianum</span> <span class='ocrx_word' id='word_1_107' title='bbox 374 1711 562 1784; x_wconf 84' lang='lat' dir='ltr'>accederem,</span> <span class='ocrx_word' id='word_1_108' title='bbox 580 1727 640 1769; x_wconf 77' lang='lat' dir='ltr'>xlv</span> <span class='ocrx_word' id='word_1_109' title='bbox 652 1648 720 1770; x_wconf 72' lang='lat' dir='ltr'>llal.</span> 
     </span>
    </p>
   </div>
   <div class='ocr_carea' id='block_1_3' title="bbox 251 1825 729 1892">
    <p class='ocr_par' dir='ltr' id='par_1_3' title="bbox 251 1825 729 1892">
     <span class='ocr_line' id='line_1_18' title="bbox 251 1825 729 1892; baseline -0.004 -1"><span class='ocrx_word' id='word_1_110' title='bbox 251 1827 413 1892; x_wconf 66' lang='lat' dir='ltr'>cremo</span> <span class='ocrx_word' id='word_1_111' title='bbox 443 1829 607 1891; x_wconf 81' lang='lat' dir='ltr'>Arrrco</span> <span class='ocrx_word' id='word_1_112' title='bbox 639 1825 729 1889; x_wconf 73' lang='lat' dir='ltr'>Suu.</span> 
     </span>
    </p>
   </div>
   <div class='ocr_carea' id='block_1_4' title="bbox 148 1911 849 3089">
    <p class='ocr_par' dir='ltr' id='par_1_4' title="bbox 148 1911 849 3089">
     <span class='ocr_line' id='line_1_19' title="bbox 148 1911 836 2031; baseline 0 -18"><span class='ocrx_word' id='word_1_113' title='bbox 148 1911 230 2031; x_wconf 58' lang='lat' dir='ltr'>&amp;Q</span> <span class='ocrx_word' id='word_1_114' title='bbox 244 1969 297 2012; x_wconf 75' lang='lat' dir='ltr'>uu</span> <span class='ocrx_word' id='word_1_115' title='bbox 309 1969 335 2011; x_wconf 82' lang='grc' dir='ltr'><strong><em>Μ</em></strong></span> <span class='ocrx_word' id='word_1_116' title='bbox 355 1949 440 2011; x_wconf 89' lang='lat' dir='ltr'>sciam</span> <span class='ocrx_word' id='word_1_117' title='bbox 461 1969 519 2030; x_wconf 91' lang='lat' dir='ltr'>quo</span> <span class='ocrx_word' id='word_1_118' title='bbox 541 1949 587 2011; x_wconf 92' lang='lat' dir='ltr'>die</span> <span class='ocrx_word' id='word_1_119' title='bbox 605 1969 749 2014; x_wconf 83' lang='lat' dir='ltr'>venturus</span> <span class='ocrx_word' id='word_1_120' title='bbox 765 1955 836 2027; x_wconf 87' lang='lat' dir='ltr'>sirn,</span> 
     </span>
     <span class='ocr_line' id='line_1_20' title="bbox 149 2031 838 2115; baseline 0.003 -23"><span class='ocrx_word' id='word_1_121' title='bbox 149 2031 254 2093; x_wconf 87' lang='lat' dir='ltr'>faciam</span> <span class='ocrx_word' id='word_1_122' title='bbox 266 2053 298 2092; x_wconf 91' lang='lat' dir='ltr'>ut</span> <span class='ocrx_word' id='word_1_123' title='bbox 313 2032 382 2093; x_wconf 86' lang='lat' dir='ltr'>scias</span> <span class='ocrx_word' id='word_1_124' title='bbox 398 2053 406 2092; x_wconf 73' lang='grc' dir='ltr'><strong>ε</strong></span> <span class='ocrx_word' id='word_1_125' title='bbox 425 2032 634 2112; x_wconf 87' lang='lat' dir='ltr'>impedimenta</span> <span class='ocrx_word' id='word_1_126' title='bbox 648 2034 838 2115; x_wconf 69' lang='lat' dir='ltr'>exspolianda</span> 
     </span>
     <span class='ocr_line' id='line_1_21' title="bbox 151 2114 838 2196; baseline 0.003 -23"><span class='ocrx_word' id='word_1_127' title='bbox 151 2114 213 2177; x_wconf 88' lang='lat' dir='ltr'>sunt</span> <span class='ocrx_word' id='word_1_128' title='bbox 232 2161 241 2191; x_wconf 89' lang='lat'>‚</span> <span class='ocrx_word' id='word_1_129' title='bbox 261 2137 325 2196; x_wconf 84' lang='lat' dir='ltr'>quae</span> <span class='ocrx_word' id='word_1_130' title='bbox 350 2114 416 2175; x_wconf 85' lang='lat' dir='ltr'>Ana</span> <span class='ocrx_word' id='word_1_131' title='bbox 437 2115 483 2173; x_wconf 72' lang='lat' dir='ltr'>nii</span> <span class='ocrx_word' id='word_1_132' title='bbox 502 2116 624 2175; x_wconf 87' lang='lat' dir='ltr'>veniunt</span> <span class='ocrx_word' id='word_1_133' title='bbox 647 2137 654 2175; x_wconf 92' lang='lat'>:</span> <span class='ocrx_word' id='word_1_134' title='bbox 676 2116 709 2175; x_wconf 89' lang='lat'>&amp;</span> <span class='ocrx_word' id='word_1_135' title='bbox 732 2115 838 2176; x_wconf 82' lang='lat' dir='ltr'>familia</span> 
     </span>
     <span class='ocr_line' id='line_1_22' title="bbox 152 2134 840 2280; baseline 0.003 -24"><span class='ocrx_word' id='word_1_136' title='bbox 152 2219 226 2280; x_wconf 83' lang='lat' dir='ltr'>aegra</span> <span class='ocrx_word' id='word_1_137' title='bbox 237 2196 286 2259; x_wconf 90' lang='lat' dir='ltr'>est.</span> <span class='ocrx_word' id='word_1_138' title='bbox 301 2196 366 2256; x_wconf 63' lang='grc' dir='ltr'>Καὶ.</span> <span class='ocrx_word' id='word_1_139' title='bbox 379 2134 492 2275; x_wconf 65' lang='lat' dir='ltr'>velperi</span> <span class='ocrx_word' id='word_1_140' title='bbox 501 2197 602 2256; x_wconf 75' lang='lat' dir='ltr'>litterae</span> <span class='ocrx_word' id='word_1_141' title='bbox 616 2197 686 2256; x_wconf 89' lang='lat' dir='ltr'>mihi</span> <span class='ocrx_word' id='word_1_142' title='bbox 699 2198 738 2257; x_wconf 84' lang='lat' dir='ltr'>ab</span> <span class='ocrx_word' id='word_1_143' title='bbox 750 2196 840 2258; x_wconf 65' lang='lat' dir='ltr'>Olla-</span> 
     </span>
     <span class='ocr_line' id='line_1_23' title="bbox 152 2277 841 2359; baseline -0.004 -19"><span class='ocrx_word' id='word_1_144' title='bbox 152 2284 261 2340; x_wconf 88' lang='lat' dir='ltr'>viano:</span> <span class='ocrx_word' id='word_1_145' title='bbox 275 2299 320 2336; x_wconf 90' lang='lat' dir='ltr'>ma</span> <span class='ocrx_word' id='word_1_146' title='bbox 344 2298 380 2335; x_wconf 87' lang='lat' dir='ltr'>na</span> <span class='ocrx_word' id='word_1_147' title='bbox 394 2277 512 2336; x_wconf 81' lang='lat' dir='ltr'>molitur</span> <span class='ocrx_word' id='word_1_148' title='bbox 526 2297 533 2335; x_wconf 75' lang='grc' dir='ltr'><strong>ε</strong></span> <span class='ocrx_word' id='word_1_149' title='bbox 546 2294 723 2351; x_wconf 85' lang='lat' dir='ltr'>veteranos,</span> <span class='ocrx_word' id='word_1_150' title='bbox 742 2279 841 2359; x_wconf 86' lang='lat' dir='ltr'>quiqui</span> 
     </span>
     <span class='ocr_line' id='line_1_24' title="bbox 154 2356 840 2440; baseline -0.003 -21"><span class='ocrx_word' id='word_1_151' title='bbox 154 2358 293 2433; x_wconf 86' lang='lat' dir='ltr'>Casilini,</span> <span class='ocrx_word' id='word_1_152' title='bbox 371 2356 491 2418; x_wconf 83' lang='lat' dir='ltr'>Calatiae</span> <span class='ocrx_word' id='word_1_153' title='bbox 519 2357 612 2428; x_wconf 87' lang='lat' dir='ltr'>sunt,</span> <span class='ocrx_word' id='word_1_154' title='bbox 640 2359 778 2440; x_wconf 86' lang='lat' dir='ltr'>perduxit</span> <span class='ocrx_word' id='word_1_155' title='bbox 803 2358 840 2417; x_wconf 92' lang='lat' dir='ltr'>ad</span> 
     </span>
     <span class='ocr_line' id='line_1_25' title="bbox 154 2439 841 2522; baseline 0 -24"><span class='ocrx_word' id='word_1_156' title='bbox 154 2439 231 2499; x_wconf 88' lang='lat' dir='ltr'>suam</span> <span class='ocrx_word' id='word_1_157' title='bbox 251 2439 440 2512; x_wconf 79' lang='lat' dir='ltr'>sententiaru3</span> <span class='ocrx_word' id='word_1_158' title='bbox 456 2459 511 2500; x_wconf 93' lang='lat' dir='ltr'>nec</span> <span class='ocrx_word' id='word_1_159' title='bbox 529 2441 656 2512; x_wconf 89' lang='lat' dir='ltr'>mirum;</span> <span class='ocrx_word' id='word_1_160' title='bbox 678 2443 841 2522; x_wconf 81' lang='lat' dir='ltr'>quingenos</span> 
     </span>
     <span class='ocr_line' id='line_1_26' title="bbox 154 2520 844 2600; baseline 0 -21"><span class='ocrx_word' id='word_1_161' title='bbox 154 2520 288 2579; x_wconf 87' lang='lat' dir='ltr'>denarios</span> <span class='ocrx_word' id='word_1_162' title='bbox 300 2521 366 2579; x_wconf 88' lang='lat' dir='ltr'>dat:</span> <span class='ocrx_word' id='word_1_163' title='bbox 381 2522 488 2599; x_wconf 79' lang='lat' dir='ltr'>cogitat</span> <span class='ocrx_word' id='word_1_164' title='bbox 496 2520 619 2600; x_wconf 89' lang='lat' dir='ltr'>reliquas</span> <span class='ocrx_word' id='word_1_165' title='bbox 629 2522 763 2580; x_wconf 87' lang='lat' dir='ltr'>colonias</span> <span class='ocrx_word' id='word_1_166' title='bbox 776 2522 844 2581; x_wconf 89' lang='lat' dir='ltr'>obi·</span> 
     </span>
     <span class='ocr_line' id='line_1_27' title="bbox 154 2599 844 2679; baseline -0.001 -18"><span class='ocrx_word' id='word_1_167' title='bbox 154 2620 185 2661; x_wconf 91' lang='lat' dir='ltr'>re</span> <span class='ocrx_word' id='word_1_168' title='bbox 204 2620 211 2658; x_wconf 75' lang='grc' dir='ltr'><strong><em>ε</em></strong></span> <span class='ocrx_word' id='word_1_169' title='bbox 228 2599 313 2678; x_wconf 74' lang='lat' dir='ltr'>plane</span> <span class='ocrx_word' id='word_1_170' title='bbox 331 2600 387 2662; x_wconf 92' lang='lat' dir='ltr'>hoc</span> <span class='ocrx_word' id='word_1_171' title='bbox 405 2600 531 2679; x_wconf 70' lang='lat' dir='ltr'>speclar,</span> <span class='ocrx_word' id='word_1_172' title='bbox 548 2618 579 2661; x_wconf 88' lang='lat' dir='ltr'>ut</span> <span class='ocrx_word' id='word_1_173' title='bbox 595 2599 623 2660; x_wconf 91' lang='lat' dir='ltr'>se</span> <span class='ocrx_word' id='word_1_174' title='bbox 636 2601 712 2662; x_wconf 90' lang='lat' dir='ltr'>duce</span> <span class='ocrx_word' id='word_1_175' title='bbox 732 2602 844 2662; x_wconf 89' lang='lat' dir='ltr'>bellum</span> 
     </span>
     <span class='ocr_line' id='line_1_28' title="bbox 156 2679 847 2767; baseline 0.001 -26"><span class='ocrx_word' id='word_1_176' title='bbox 156 2696 269 2767; x_wconf 83' lang='lat' dir='ltr'>geratur</span> <span class='ocrx_word' id='word_1_177' title='bbox 285 2699 350 2739; x_wconf 85' lang='lat' dir='ltr'>cum</span> <span class='ocrx_word' id='word_1_178' title='bbox 368 2679 500 2740; x_wconf 87' lang='lat' dir='ltr'>Antonio</span> <span class='ocrx_word' id='word_1_179' title='bbox 519 2702 526 2742; x_wconf 75' lang='grc' dir='ltr'><strong><em>ε</em></strong></span> <span class='ocrx_word' id='word_1_180' title='bbox 544 2680 638 2762; x_wconf 89' lang='lat' dir='ltr'>itaque</span> <span class='ocrx_word' id='word_1_181' title='bbox 657 2682 751 2743; x_wconf 84' lang='lat' dir='ltr'>video</span> <span class='ocrx_word' id='word_1_182' title='bbox 770 2696 847 2762; x_wconf 58' lang='lat' dir='ltr'>paud</span> 
     </span>
     <span class='ocr_line' id='line_1_29' title="bbox 157 2760 844 2842; baseline -0.003 -20"><span class='ocrx_word' id='word_1_183' title='bbox 157 2766 198 2823; x_wconf 83' lang='lat' dir='ltr'>cis</span> <span class='ocrx_word' id='word_1_184' title='bbox 216 2760 317 2822; x_wconf 88' lang='lat' dir='ltr'>diebus</span> <span class='ocrx_word' id='word_1_185' title='bbox 338 2781 392 2820; x_wconf 87' lang='lat' dir='ltr'>nos</span> <span class='ocrx_word' id='word_1_186' title='bbox 411 2764 441 2821; x_wconf 90' lang='lat' dir='ltr'>in</span> <span class='ocrx_word' id='word_1_187' title='bbox 461 2764 546 2820; x_wconf 85' lang='lat' dir='ltr'>annis</span> <span class='ocrx_word' id='word_1_188' title='bbox 568 2763 643 2825; x_wconf 86' lang='lat' dir='ltr'>lore.</span> <span class='ocrx_word' id='word_1_189' title='bbox 665 2762 772 2842; x_wconf 89' lang='lat' dir='ltr'>Quem</span> <span class='ocrx_word' id='word_1_190' title='bbox 789 2782 844 2821; x_wconf 86' lang='lat' dir='ltr'>au·</span> 
     </span>
     <span class='ocr_line' id='line_1_30' title="bbox 156 2842 845 2924; baseline -0.004 -20"><span class='ocrx_word' id='word_1_191' title='bbox 156 2862 216 2904; x_wconf 81' lang='lat' dir='ltr'>rem</span> <span class='ocrx_word' id='word_1_192' title='bbox 236 2842 408 2924; x_wconf 81' lang='lat' dir='ltr'>sequamur?</span> <span class='ocrx_word' id='word_1_193' title='bbox 426 2843 493 2902; x_wconf 87' lang='lat' dir='ltr'>vide</span> <span class='ocrx_word' id='word_1_194' title='bbox 515 2864 624 2903; x_wconf 90' lang='lat' dir='ltr'>nomen</span> <span class='ocrx_word' id='word_1_195' title='bbox 647 2864 655 2902; x_wconf 76' lang='grc' dir='ltr'>ε</span> <span class='ocrx_word' id='word_1_196' title='bbox 680 2845 751 2904; x_wconf 88' lang='lat' dir='ltr'>vide</span> <span class='ocrx_word' id='word_1_197' title='bbox 772 2860 845 2902; x_wconf 86' lang='lat' dir='ltr'>aeta·</span> 
     </span>
     <span class='ocr_line' id='line_1_31' title="bbox 156 2922 848 3007; baseline 0.006 -25"><span class='ocrx_word' id='word_1_198' title='bbox 156 2942 226 2982; x_wconf 85' lang='lat' dir='ltr'>tem.</span> <span class='ocrx_word' id='word_1_199' title='bbox 255 2924 352 3007; x_wconf 85' lang='lat' dir='ltr'>Atque</span> <span class='ocrx_word' id='word_1_200' title='bbox 373 2946 389 2983; x_wconf 88' lang='lat' dir='ltr'>a</span> <span class='ocrx_word' id='word_1_201' title='bbox 409 2944 456 2984; x_wconf 89' lang='lat' dir='ltr'>me</span> <span class='ocrx_word' id='word_1_202' title='bbox 481 2922 635 3004; x_wconf 85' lang='lat' dir='ltr'>postulat,</span> <span class='ocrx_word' id='word_1_203' title='bbox 663 2925 792 3004; x_wconf 74' lang='lat' dir='ltr'>primunr</span> <span class='ocrx_word' id='word_1_204' title='bbox 813 2941 848 2986; x_wconf 90' lang='lat' dir='ltr'>ut</span> 
     </span>
     <span class='ocr_line' id='line_1_32' title="bbox 157 3003 849 3089; baseline 0.009 -30"><span class='ocrx_word' id='word_1_205' title='bbox 157 3003 231 3061; x_wconf 87' lang='lat' dir='ltr'>clam</span> <span class='ocrx_word' id='word_1_206' title='bbox 256 3007 443 3089; x_wconf 79' lang='lat' dir='ltr'>colloquatur</span> <span class='ocrx_word' id='word_1_207' title='bbox 466 3025 607 3079; x_wconf 86' lang='lat' dir='ltr'>mecum,</span> <span class='ocrx_word' id='word_1_208' title='bbox 635 3006 685 3068; x_wconf 89' lang='lat' dir='ltr'>vel</span> <span class='ocrx_word' id='word_1_209' title='bbox 707 3003 849 3089; x_wconf 78' lang='lat' dir='ltr'>Capuae,</span> 
     </span>
    </p>
   </div>
   <div class='ocr_carea' id='block_1_5' title="bbox 77 3260 219 3403">
    <p class='ocr_par' dir='ltr' id='par_1_5' title="bbox 77 3260 219 3403">
     <span class='ocr_line' id='line_1_33' title="bbox 77 3260 219 3403; baseline 0 0"><span class='ocrx_word' id='word_1_210' title='bbox 77 3260 219 3403; x_wconf 59' lang='lat' dir='ltr'>‘N</span> 
     </span>
    </p>
   </div>
   <div class='ocr_carea' id='block_1_6' title="bbox 0 0 1098 3784">
    <p class='ocr_par' dir='ltr' id='par_1_6' title="bbox 0 0 1098 3784">
     <span class='ocr_line' id='line_1_34' title="bbox 0 0 1098 3784; baseline 0 0"><span class='ocrx_word' id='word_1_211' title='bbox 0 0 1098 3784; x_wconf 95' lang='lat' dir='ltr'> </span> 
     </span>
    </p>
   </div>
  </div>
 </body>
</html>
