2125 3784
105 382 178 475 284
280 380 624 453 Poenarum

102 522 186 589 otyor
196 515 304 570 ostendet
315 553 323 578 ‚
335 515 389 567 clari
399 514 524 582 prenuntia
535 514 607 567 solis:

103 606 138 660 At
148 604 230 657 vaiidit
242 602 322 672 ae'quor
331 601 425 670 pulsabit
434 600 522 653 viribus
530 598 630 652 Auster:

103 690 165 744 Tun
177 689 248 740 fixum
258 687 360 740 tremulo
371 689 485 755 quatietur
495 686 583 754 frigore
594 697 687 751 corpus.

103 772 150 828 Sed
162 787 240 826 tamen
251 773 303 824 anui
313 771 359 838 jam
369 770 475 823 labuntur
484 783 593 840 tempore
601 780 671 835 toto,

103 857 158 911 Nec
169 860 207 910 cui
219 859 336 924 signontm
347 854 431 907 cedunt
443 890 450 914 .
461 868 540 921 neque
550 853 639 907 flamina
648 855 727 915 vitent,¹

104 942 159 997 Nec
171 954 276 996 metuunt
285 956 358 995 canos
370 940 480 992 minitanti
491 955 609 995 murmure
619 939 709 993 fluiiuse

105 1030 141 1079 At
152 1028 314 1096 nautaesnlicae
323 1026 431 1082 similes,
442 1044 562 1094 mergoque
573 1029 684 1091 netad,

106 1116 190 1167 Anxia
198 1133 242 1184 per
251 1130 324 1165 totvm
331 1113 445 1178 jacientes
457 1112 548 1161 lumina
555 1125 666 1180 patum,

107 1199 269 1267 Neqvicquam
284 1199 392 1266 nusquam
402 1199 511 1263 parentia
520 1195 605 1245 lutura
614 1207 722 1262 qum,

108 1282 177 1334 Dum
186 1288 264 1333 tenvis
274 1288 341 1351 nigro
350 1282 430 1332 tabula
441 1282 485 1331 Iros
493 1282 616 1349 &stingum
623 1279 653 1329 ab
665 1279 730 1332 om·
829 1277 831 1287 ’

107 1367 188 1435 Atque
198 1369 267 1421 etiam
277 1368 374 1436 supero,
385 1367 438 1420 navi
448 1367 580 1437 pelagoque
590 1376 703 1433 vagatus,

108 1451 207 1510 Mense,
222 1453 386 1520 Sagittipotens
397 1452 455 1506 solis
466 1469 538 1522 quum
547 1452 643 1506 sustinet
650 1448 739 1505 otberti

108 1535 168 1587 Nan
179 1538 252 1588 multi
262 1539 351 1589 leviora
357 1556 426 1609 putes
436 1539 519 1603 instare
526 1536 620 1608 pericla
630 1572 639 1598 ,

109 1622 172 1672 Anti
182 1627 262 1691 nigras
271 1639 353 1674 cautus
362 1625 467 1675 tenebras
469 1606 600 1691 subducere
600 1623 706 1690 μαμμία,

109 1706 173 1762 Nam
183 1709 230 1775 iam
240 1725 310 1777 quum
320 1708 394 1761 minius
403 1709 488 1776 exiguo
498 1709 537 1760 lvx
549 1720 659 1773 tempore
668 1698 787 1773 prastidv

110 1791 168 1846 Hoc
179 1795 269 1861 simum
280 1796 376 1848 veniens
386 1806 496 1862 poterunt
504 1791 650 1861 prenoscere
658 1802 745 1847 naute:

111 1880 164 1935 Jam
175 1880 250 1946 prope
260 1883 416 1947 praecipitante
425 1879 505 1933 licebit
512 1881 588 1934 visere
599 1879 688 1942 noiie,

111 1962 146 2014 Ut
155 1963 201 2013 sese
209 1963 332 2015 ostendens
344 1969 441 2034 emergit
451 1968 561 2034 Scorpius
570 1965 635 2023 nite,
652 1964 656 1970 '

111 2042 246 2098 Posteriore
256 2050 347 2101 trahens
357 2053 442 2105 flexum
451 2056 474 2107 vi
484 2054 593 2121 corporis
602 2064 696 2106 arcum.

110 2130 161 2182 sea
171 2131 241 2198 Nepa
252 2151 299 2182 non
309 2135 406 2186 mrtltim
414 2141 481 2207 prior
490 2174 498 2199 ,
515 2142 617 2204 ceptior
626 2138 681 2188 exit
688 2135 718 2186 ab
727 2130 801 2191 Ιώ,

110 2217 162 2272 Jam
172 2216 252 2283 superi
262 2233 343 2272 cernes
356 2223 419 2275 Attii
432 2235 500 2290 caput
510 2222 555 2276 eise
564 2221 678 2284 minoris,

111 2301 142 2354 Et
154 2302 225 2370 magis
238 2303 340 2356 eteiium
350 2306 379 2358 ad
389 2308 499 2359 summum
510 2306 622 2358 versarier
632 2304 728 2361 orbem.

111 2386 174 2440 Turn
187 2387 233 2440 ieie
243 2388 318 2441 Orion
329 2400 380 2443 toto
389 2391 434 2455 iam
445 2405 547 2458 corpore
555 2388 637 2441 condit

111 2469 221 2524 Extremi
232 2474 306 2540 prope
315 2476 399 2536 noste,
414 2476 439 2526 &
451 2475 559 2541 Cepheus
571 2470 683 2525 conditur
690 2472 746 2526 autb

110 2553 254 2609 Lumborum
262 2570 328 2614 tenus
337 2596 346 2618 ,
356 2576 369 2612 a
379 2559 456 2626 palma
466 2558 575 2626 depulsus
585 2560 615 2613 ad
624 2559 712 2613 undas.

110 2641 159 2695 Hic
171 2645 259 2698 miiiore
271 2659 355 2698 vacans
367 2644 455 2711 fulgens
465 2643 527 2708 iacet
535 2658 582 2695 una
591 2643 688 2711 sagitta,

113 2728 195 2795 Quam
206 2728 301 2796 propter
312 2730 386 2782 nitens
396 2729 472 2796 penni
483 2730 635 2783 convolvitur
645 2728 720 2786 Ales}

113 2813 144 2866 Et
154 2815 236 2868 climata
246 2814 317 2881 magis
326 2813 395 2882 paulo
406 2813 438 2865 eii
448 2813 571 2881 Aquilonis
582 2812 612 2865 ad
623 2827 699 2866 aurat.

114 2895 148 2950 At
157 2898 252 2969 propter
260 2899 283 2952 ie
293 2897 377 2969 Aquila
388 2896 476 2953 ardenti
487 2913 542 2954 cum
552 2911 657 2968 corpore
666 2905 763 2969 portatj
