2125 3784
242 394 308 470 172
425 375 727 443 Eptsrotn

233 484 445 568 providendum
470 487 520 550 est.
542 486 573 550 O
593 486 747 549 mirificum
769 483 930 551 Dolubelu

233 569 292 629 lam
311 589 409 631 meum
428 569 436 628 l
458 567 517 647 iant
538 571 617 629 enim
638 568 706 629 dico
724 588 847 643 meum3
865 582 931 630 ani·

232 667 300 724 tea,
318 652 405 712 crede
423 651 516 725 mihi,
534 648 763 710 subdubitaban't.
779 648 930 732 Magnam-¹

231 729 396 808 &attalum
409 751 454 793 res
468 731 556 793 babet
569 729 626 790 :de
636 728 724 802 sau03
737 732 769 789 in
783 748 902 791 crucem
911 750 929 805 3.

231 809 398 873 columnam
417 811 519 872 tolleie
536 828 546 883 ;
565 810 663 870 locum
682 810 764 869 illum
784 808 930 893 sternens·

232 889 303 949 dum
320 890 426 952 locare.
436 888 523 972 Quid
537 888 662 971 quaeris'i
681 891 820 951 heroicae
835 891 921 952 sustu-

230 968 291 1031 lille
308 972 380 1032 milti
396 973 511 1035 videtur
528 972 743 1032 simulationem
763 971 925 1049 desiderii,-

231 1051 327 1113 adhuc
342 1072 407 1137 quae
424 1048 602 1136 serpebat'in
616 1046 700 1124 diet,
719 1052 752 1112 δι
768 1048 918 1133 inventa-3

232 1149 263 1193 ta
276 1177 287 1208 ‚
301 1134 424 1195 verebar
437 1180 447 1210 ‚
464 1155 503 1196 ne
522 1128 683 1219 periculbsa
699 1129 804 1192 nostris
817 1146 927 1214 tyran'

232 1212 365 1277 notionis
381 1213 459 1276 ellet.
475 1214 561 1275 Nunc
579 1213 693 1295 prorsus
709 1211 846 1273 assentior
860 1217 916 1274 tuis

231 1294 352 1381 litteris,
362 1295 504 1434 sperotppe
514 1294 651 1355 meliora:
663 1312 839 1375 quamquam
850 1292 925 1381 istot-

231 1372 307 1435 ferre
331 1397 391 1435 non
438 1397 456 1436 ο
479 1396 555 1448 um,
577 1377 651 1455 qui,
673 1375 743 1435 dum
766 1372 796 1434 se
814 1394 924 1455 pacem·

230 1454 308 1514 velle
341 1396 503 1529 simulant,
527 1453 588 1513 atta
614 1453 723 1515 nefaria
746 1453 925 1517 defendunt..

229 1533 288 1594 Sed
299 1555 359 1594 non
378 1534 492 1616 possunt
510 1536 608 1596 omnia
622 1535 730 1595 simul:
749 1535 854 1615 incipit
874 1556 925 1597 ret·

232 1614 335 1676 melitis
352 1619 415 1690 ire,
430 1616 518 1699 quim
530 1634 661 1698 putatam
680 1636 687 1674 :
706 1634 762 1674 nec
772 1617 847 1677 vert
859 1614 918 1677 dis-

232 1695 336 1757 cedam
352 1742 361 1771 ‚
379 1700 435 1759 nisi
454 1719 544 1781 quum
562 1713 594 1757 tu
614 1715 662 1757 tue
683 1695 715 1754 id
730 1694 854 1758 honest&
867 1716 920 1777 pue

232 1777 306 1838 tabis
318 1777 413 1840 facete
433 1778 522 1861 polle.
539 1777 630 1839 Bruto
649 1775 726 1835 certe
745 1796 816 1838 tneo
835 1777 924 1838 nullo·

231 1859 302 1919 loco
320 1860 430 1933 deer03
451 1859 540 1938 idque
558 1861 645 1918 etiam
662 1858 686 1916 si
700 1855 771 1916 mihi
786 1856 855 1917 c'unt
866 1854 915 1918 illo

231 1938 302 1998 nihil
321 1937 434 2011 fuisset,
454 1936 582 1997 facerent
599 1953 719 2018 ptopter
736 1934 800 2014 ejus
817 1939 862 1998 'sin
921 1968 924 1975 ·

230 2020 320 2078 larem
339 2063 348 2091 ‚
377 2018 649 2100 incredibilemque
662 2019 811 2078 virtutem.
839 1958 923 2079 lidiuz.

231 2096 333 2158 nostrae
347 2093 549 2165 villamtotatn
563 2143 574 2173 ‚
588 2102 711 2181 quae'que
723 2099 752 2156 in
761 2098 832 2158 villa
842 2098 916 2175 sunt,

230 2178 341 2252 uado,
360 2179 391 2253 in
412 2178 623 2263 Pompeianum
646 2178 705 2318 ipse
730 2177 923 2318 proficiscens-

230 2257 356 2318 Kalend.
380 2258 475 2324 Maiis.
501 2262 602 2342 Quitn
622 2262 713 2321 vein
757 2264 825 2322 ruto'
845 2280 916 2343 per·

230 2337 376 2416 suadeas,
395 2360 427 2406 ut
447 2342 556 2405 Asturae
572 2343 618 2402 sit.

343 2459 506 2550 thnnu
534 2459 697 2538 Αττιςο
724 2454 813 2537 Sne.

234 2583 281 2647 16.
342 2603 439 2646 ulter
449 2582 475 2645 οΙ
489 2581 571 2642 Non.
580 2579 776 2640 conscendens
794 2578 831 2638 ab
847 2577 916 2639 hor-

230 2670 268 2727 tis
323 2667 442 2727 luvianis
466 2666 495 2724 in
520 2660 668 2742 phaselum
685 2663 844 2741 epicopum
863 2659 913 2719 has

231 2747 300 2812 dedi
322 2748 453 2820 litteras,
476 2762 566 2825 quum
586 2741 664 2800 Piliae
687 2739 791 2802 nostrae
812 2739 911 2802 villam

231 2828 269 2888 ad
288 2828 460 2900 Lucrinum‚·
475 2820 643 2904 villicosque
658 2866 668 2895 ,
685 2823 718 2882 δι
736 2826 913 2902 procuratu-

230 2928 276 2975 ues
286 2903 469 2972 uadidiffem.
481 2903 546 2988 Ipse
562 2921 660 2968 autem
672 2903 775 2985 eodie
794 2897 914 2979 inl'mi

125 3292 257 3418 a
