2125 3784
189 276 261 351 ΙΑι)
274 258 585 330 Atticorum.
603 260 707 333 XVI.
739 264 803 336 261

99 398 176 441 mus
196 398 255 458 pro
271 375 430 437 Buthrotiis
443 421 452 449 ‚
464 376 692 440 liberalissimum
705 379 809 441 decre·

100 478 174 523 tum
194 456 387 528 abstulimus3
410 457 491 538 quod
510 457 552 519 est
572 461 751 544 obsignatum
770 462 808 520 ab

103 538 303 622 amplissimis
317 540 397 598 viris.
418 536 496 617 Quae
514 562 604 622 quum
623 542 711 603 ellent
726 541 808 617 asia,

105 622 216 683 mirari
243 618 363 700 quidem
395 617 551 695 solebam,
577 625 636 701 pati
665 620 809 683 Caesarem

107 702 281 763 convenire
292 720 364 772 eos,
374 701 422 779 qui
434 720 532 780 agrum
543 701 726 763 Buthrotium
740 724 811 764 con·

109 781 282 881 eppillent3
303 800 398 862 neque
426 778 519 841 solum
542 785 602 862 pati
621 828 630 856 ,
652 782 701 843 sed
722 786 810 845 etiam

110 884 143 927 er
163 865 289 945 negotio
302 858 499 941 tepraeficere.
509 861 610 944 ltaque
630 864 730 946 &ego
744 885 809 925 cum

110 945 170 1007 illo
189 944 307 1005 locutus
324 941 385 1002 sum
404 987 414 1016 ,
435 942 467 1001 &
486 942 585 1024 saepius
609 944 756 1026 quidem,
780 962 812 1006 ut

114 1028 214 1089 etiam
230 1022 374 1085 accusarer
384 1023 420 1082 ab
440 1043 499 1097 eo,
516 1026 595 1106 qnbd
635 1047 715 1086 arum
736 1045 812 1085 con-

116 1104 303 1167 stantiaesuae
316 1102 495 1165 considerem
513 1126 520 1162 ι
542 1105 573 1164 &
592 1048 635 1165 Nl
652 1102 813 1179 Messallae,

121 1186 158 1248 &
177 1188 237 1267 ipsi
255 1184 352 1246 Attico
371 1185 464 1260 dixit,
479 1201 511 1245 ut
531 1188 592 1246 sine
611 1208 677 1246 cura
698 1185 813 1247 essent:

121 1266 287 1349 aperteque
303 1265 494 1337 ostendebat,
511 1265 540 1326 se
555 1267 735 1347 praesentium
749 1270 814 1327 ani·

123 1370 192 1410 mos
203 1347 290 1430 (erat
305 1349 384 1408 enim
401 1348 570 1428 popularis,
590 1366 621 1408 ut
640 1346 752 1487 nbrass?
764 1348 813 1408 of·

125 1429 251 1491 sendere
279 1429 358 1489 nolle
380 1449 499 1510 :quum
525 1448 604 1489 mare
631 1432 718 1489 transi
742 1447 815 1504 ent,

127 1526 296 1587 curaturum
312 1510 341 1571 se
358 1556 368 1583 ‚
388 1528 420 1570 ut
438 1511 467 1568 in
487 1509 574 1567 alium
596 1529 694 1590 agrum
718 1510 815 1568 dedu-

128 1609 277 1655 cerentur.
302 1591 375 1652 Haec
397 1590 447 1650 illo
472 1592 556 1650 vive.
579 1587 645 1649 Post
669 1591 817 1650 interitum

130 1690 230 1735 autem
257 1670 400 1747 Caesaris,
419 1688 451 1731 ut
474 1672 601 1752 primum
628 1689 665 1729 ex
690 1670 820 1729 senatus-

132 1754 266 1815 consulto
284 1752 379 1813 causas
396 1750 527 1812 consules
549 1748 724 1833 cognoscere
741 1749 820 1810 insli-

132 1852 274 1909 nerunt,
291 1834 374 1908 haec,
393 1855 456 1915 quae
471 1831 555 1913 supra
573 1834 690 1912 scripsi,
710 1831 746 1890 ad
766 1852 819 1893 eos

135 1916 232 1978 tlelata
251 1914 314 1976 sunt
328 1936 336 1974 ι
356 1915 551 1996 probaverunt
563 1913 676 1973 causam
689 1915 750 1973 sine
763 1914 821 1975 ulla

113 2064 119 2071 ,
136 1996 342 2071 dubitatione,
365 1996 450 2076 seque
470 1996 506 2055 ad
525 2012 554 2055 te
577 1996 684 2055 litteras
703 1995 820 2056 daturos

137 2076 195 2141 elle
221 2078 366 2139 dixerunt.
382 2075 446 2159 Ego
469 2093 593 2149 autem,
624 2079 664 2135 mi
694 2075 821 2151 Plance,

138 2162 195 2221 etsi
208 2180 271 2220 non
288 2158 477 2232 dubitabam,
497 2160 566 2238 quin
583 2157 615 2215 ὃ(
633 2157 821 2217 senatuscon-

137 2240 272 2316 sultum,
291 2240 323 2301 &
343 2239 416 2314 lex,
434 2237 631 2299 &consulum
649 2237 823 2314 decretum,

140 2342 175 2382 ac
196 2322 299 2382 litterae
325 2321 401 2400 apud
425 2336 453 2379 te
476 2319 633 2398 plurimum
652 2317 825 2379 ausloritatis

140 2402 304 2476 haberent,
325 2418 410 2482 teque
430 2403 518 2480 ipsius
536 2397 625 2458 Attici
644 2398 729 2457 causi
747 2400 825 2461 velle

140 2484 368 2554 intellexeram¹
386 2499 485 2542 tamen
503 2481 561 2539 hoc
576 2500 629 2560 pro
648 2477 827 2557 conjunslio·

140 2582 183 2625 ne
196 2608 206 2639 ,
221 2564 255 2624 ὃ(
270 2563 477 2624 benevolentia
495 2559 590 2621 nostra
608 2561 678 2620 mihi
699 2560 826 2642 sumpsi,

142 2662 177 2707 ut
193 2644 225 2705 id
245 2666 262 2705 a
281 2661 311 2705 te
334 2662 492 2725 peterem,
511 2641 592 2724 quod
612 2658 660 2700 tua
678 2641 828 2723 singularis

143 2724 332 2799 humanitas,
354 2723 568 2803 suavissimique
585 2741 682 2782 mores
703 2743 719 2780 a
738 2739 767 2781 te
786 2718 830 2779 es·

146 2804 211 2869 sent
224 2807 406 2889 impetraturi
423 2824 431 2865 r
450 2805 481 2868 id
500 2823 599 2867 autem
619 2800 682 2878 est,
698 2815 730 2862 ut
748 2801 827 2877 hoc,
