2125 3784
263 354 332 454 258
445 354 756 423 Earsroza

260 491 362 533 natum
379 489 388 543 ;
405 469 442 530 de
460 490 519 550 quo
538 468 655 549 quidem
671 464 734 549 ipso
749 467 810 527 dixi
826 468 943 552 Oppio,

263 573 353 635 quum
379 571 427 610 me
448 550 636 624 hortaretur,
654 567 686 610 ur
710 547 945 629 adolescentem,

261 651 412 713 rotamque
434 631 571 705 causam,
594 651 770 711 manumque
796 650 945 695 veterano·

261 735 327 775 rum
342 711 572 793 compleiierer,
593 731 641 772 me
661 713 743 773 nullo
763 713 858 776 modo
875 714 945 777 saee-

262 816 294 856 re
314 793 394 877 posse
409 839 419 867 ,
437 796 466 853 ni
484 794 554 854 mihi
573 793 756 874 exploratum
773 792 866 870 esset,
884 816 945 857 eum

262 898 324 937 noa
346 877 437 937 modo
458 896 517 935 non
540 876 690 934 inimicum
710 875 947 955 tyrannodioais,

264 959 467 1020 verumetiam
488 958 613 1016 amicum
632 954 707 1015 fore.
721 956 830 1035 Quum
847 958 895 1018 ille
909 958 947 1019 di·

264 1058 344 1101 cerer
358 1085 368 1114 ,
383 1041 422 1098 ita
442 1036 570 1098 futurum
590 1056 597 1094 ε
624 1034 709 1114 Quid
729 1038 817 1119 igitur
835 1036 947 1099 festina·

264 1121 353 1181 mus?
372 1122 400 1179 in
422 1139 489 1177 uam
506 1139 514 1177 ε
529 1118 570 1178 illi
591 1119 670 1177 enim
690 1121 757 1179 mei
779 1119 982 1199 operiente·

265 1201 391 1262 Kalend.
403 1141 526 1260 ianuar.
550 1198 620 1257 nihil
642 1220 717 1278 opus
740 1197 783 1259 est
805 1218 814 1259 t
833 1221 887 1260 nos
900 1222 948 1261 au-

265 1299 326 1342 tem
343 1280 405 1359 ejus
424 1281 605 1341 voluntatem
629 1297 695 1339 ante
717 1275 786 1339 Idus
807 1278 949 1342 Decemb.

266 1362 469 1443 perspiciemus
488 1362 517 1418 in
542 1357 643 1419 Casca.
658 1359 733 1421 Mihi
752 1361 840 1422 valde
858 1358 949 1422 assen-

265 1442 310 1503 sus
320 1443 371 1502 est.
385 1439 593 1519 Quamobrem
605 1440 665 1499 haec
677 1440 798 1522 quidem
810 1441 950 1504 habenas.

266 1521 363 1601 Quod
380 1523 523 1601 reliquum
547 1520 614 1596 est,
640 1521 770 1602 quotidie
789 1523 949 1585 tabellarios

265 1604 404 1678 habebis,
426 1603 476 1675 δι,
495 1618 526 1661 ut
541 1623 597 1684 ego
615 1603 756 1677 arbitror,
771 1607 862 1665 etiam
875 1602 951 1684 quod

266 1684 368 1745 scribas
382 1684 501 1743 habebis
517 1683 656 1763 quotidie.
675 1683 776 1763 Leptae
796 1685 950 1745 litterarum

269 1767 436 1847 exemplum
451 1764 502 1823 tibi
520 1766 603 1836 misi3
623 1784 659 1823 ex
675 1784 733 1844 quo
751 1765 824 1825 mihi
839 1767 951 1827 videtur

269 1849 418 1925 ι-μτόιιαξ
438 1846 485 1905 ilie
503 1843 630 1921 dejeiius
646 1845 682 1904 de
702 1846 803 1927 gradu.
823 1845 882 1908 Sed
899 1863 952 1921 tu,

269 1946 359 2006 quum
382 1927 507 2004 legeris,
526 1925 709 1986 existimabis.

309 2002 473 2084 Obsignati
484 2004 542 2081 jam
554 2005 673 2086 epistolii
687 2050 697 2079 ,
714 2006 825 2068 litteras
837 2031 853 2069 a
863 2026 893 2071 re
906 2006 954 2082 ,δι

271 2084 386 2145 aSexto
400 2089 509 2165 accepi.
518 2085 756 2167 Nihiljucundius
771 2090 878 2151 litteris
886 2088 955 2151 Sex·-

270 2167 293 2224 ti
309 2211 317 2236 ,
335 2166 407 2224 nihil
433 2169 614 2240 amabilius:
635 2191 702 2229 nam
726 2188 782 2229 tuae
798 2215 809 2243 ,
828 2172 955 2232 brevest

154 2274 166 2291 =
270 2247 382 2327 priores
413 2266 493 2308 erant
517 2250 678 2310 uberrimae.
705 2249 755 2311 Tu
786 2253 907 2333 quidem
927 2251 957 2312 δι

271 2329 457 2405 prudenter,
486 2330 517 2390 &
542 2332 634 2390 amice
659 2332 785 2405 suades,
811 2352 843 2393 ut
864 2335 896 2392 in
914 2332 956 2393 bis

270 2409 344 2468 locis
363 2413 545 2490 potissimbm
563 2414 617 2470 sim
636 2457 645 2481 ,
667 2412 764 2493 quoad
782 2415 958 2487 audiamus,

271 2488 357 2563 haec,
377 2512 441 2571 quae
459 2510 609 2553 commota
628 2492 712 2568 sunt,
733 2494 869 2574 quorsum
887 2516 959 2557 eva·

221 2632 223 2637 ,
272 2570 352 2630 dant.
371 2571 429 2633 Sed
447 2593 517 2644 me,
537 2576 576 2631 mi
596 2573 717 2648 Attice,
735 2596 796 2635 non
815 2575 882 2635 sane
904 2576 959 2636 hoc

273 2652 394 2734 quidem
415 2671 546 2733 tempore
570 2672 673 2715 movet
694 2655 877 2736 respublica;
899 2678 961 2715 noa

275 2734 335 2814 qub
359 2751 407 2794 aut
434 2736 470 2794 sit
491 2733 562 2792 mihi
587 2737 744 2816 quidquam
774 2740 864 2798 carius
881 2780 893 2809 ,
910 2753 963 2799 aut

274 2813 331 2877 effe
351 2815 475 2876 debeat:
492 2814 540 2875 sed
561 2815 715 2896 desperatis
735 2819 823 2878 eriam
837 2817 964 2897 Hippo·

274 2913 366 2963 cretes
389 2912 468 2962 vetat
486 2896 622 2962 adhibere
647 2900 832 2963 medicinam.
856 2896 963 2982 Quare
