2125 3784
239 474 243 481 .
276 417 339 481 'An
356 408 564 485 Asrrccvnc
581 407 667 479 Luc.
682 407 785 479 XIV.
806 433 875 504 ·173

179 522 281 605 ¹nostri
297 521 510 605 tyrotdrichum
521 523 708 587 imminebam
725 541 735 596 3
754 543 881 604 perpau-

188 610 234 669 cis
251 604 356 667 diebus
376 609 407 667 in
429 603 663 684 Pompeianum:
682 601 746 685 phst
768 608 798 664 in
816 605 879 666 haec

188 684 350 749 Puteolana
364 728 375 758 ,
395 684 429 749 &
444 682 578 747 Cumana
593 705 681 767 regna
697 686 879 767 renavigaro.

181 762 223 837 ,0
241 767 309 829 loca
325 766 476 846 ceteroqui
485 764 572 826 valde
589 766 774 846 expetenda,
787 769 881 827 inter-

186 847 361 930 pellentium
372 863 470 907 autem
481 847 666 908 multitudine
676 867 753 926 pene
763 845 881 930 fugien-

188 928 252 990 da!
269 927 331 991 Sed
347 925 386 989 ad
404 945 467 988 rem
489 943 522 986 ut
538 930 676 1000 veniam,
691 926 711 991 ὂ
729 925 879 989 Dolabel·

185 1008 226 1071 lae
255 1007 345 1071 nostri
374 1026 508 1089 magnam
531 1007 673 1083 &seciani
701 1027 807 1088 quanta
835 1005 877 1077 est

187 1085 375 1167 bardans?
392 1086 538 1168 Equidem
554 1086 670 1147 laudare
685 1108 753 1149 eum
765 1089 797 1149 &
807 1087 878 1148 hor-

182 1169 244 1229 rari
257 1188 319 1231 non
335 1166 452 1235 desisto.
467 1165 557 1227 Rem
573 1183 605 1227 tu
622 1168 756 1229 omnibus
773 1167 878 1249 episto·

187 1246 228 1305 lis
243 1245 410 1329 significas,
432 1247 503 1328 quid
523 1247 561 1308 de
580 1267 636 1321 re,
661 1249 730 1328 quid
754 1249 791 1308 de
811 1251 877 1311 viro

190 1325 306 1389 sentias.
320 1326 399 1388 Mihi
413 1328 536 1409 ,quidem
554 1327 670 1393 videtur
689 1327 792 1389 Brutus
811 1329 879 1390 nos·

187 1424 235 1469 tet
252 1404 314 1487 jam
338 1409 386 1469 vel
411 1428 551 1469 coronam
575 1428 691 1469 auream
711 1429 763 1491 per
779 1408 876 1469 forum

182 1484 265 1559 ¹ferre
288 1485 367 1569 poffe
392 1509 400 1548 ι
424 1492 488 1570 quis
513 1491 592 1551 enim
614 1489 719 1551 audeat
740 1490 876 1566 violare,

189 1568 347 1651 propositi
357 1590 441 1630 cruce
451 1615 461 1643 ,
471 1588 529 1647 ‘aut
539 1569 604 1631 saxo
617 1570 628 1627 ἓ
644 1570 800 1651 praesertim
813 1588 877 1631 tan-

188 1650 227 1708 tis
244 1642 389 1730 pironibus
403 1695 414 1726 ‚
432 1649 513 1709 tanti
531 1651 739 1730 approbatione
753 1649 875 1715 infimo-

189 1728 281 1791 mmi
296 1728 402 1805 Nunc,
421 1733 461 1790 mi
478 1730 598 1802 Attice,
616 1750 664 1790 me
677 1728 724 1789 fac
740 1745 772 1790 ut
790 1750 878 1809 expe·

188 1808 261 1869 dias.
285 1806 411 1891 Cupio,
431 1831 521 1892 quum
542 1810 632 1876 Bruto
654 1807 750 1869 nostro
769 1809 876 1870 affatim

184 1888 392 1967 satisfecerim,
410 1911 561 1955 excurrere
579 1895 610 1953 in
631 1888 776 1954 Graeciam
793 1909 877 1958 :me-

183 1974 235 2055 gni
254 1972 374 2037 interest
401 1966 574 2048 Ciceronis,
599 1972 648 2035 vel
671 1972 737 2035 mei
755 1973 875 2052 potitis,

184 2054 234 2115 vel
251 2054 421 2117 mehercule
439 2054 610 2137 uniusque,
632 2075 680 2115 me
699 2055 874 2115 intervenire

185 2132 305 2197 discenti
319 2156 327 2197 ι
339 2157 409 2197 nam
425 2135 543 2216 epistola
559 2135 696 2195 Leonidae
711 2180 720 2208 ,
738 2136 875 2216 quemad

184 2236 232 2276 me
255 2213 357 2277 misisti
376 2260 387 2290 ,
415 2218 484 2297 quid
503 2217 610 2289 habet,
628 2214 745 2296 quaeso,
767 2218 874 2295 inquo

186 2315 367 2378 magnopere
383 2297 513 2358 laetemur
528 2297 539 2358 i
555 2297 722 2377 Numquam
740 2297 788 2355 ille
802 2296 875 2358 mihi

181 2375 249 2445 ¹satis
265 2377 378 2439 laudari
394 2378 540 2438 videbitur
558 2422 568 2450 ,
587 2397 675 2455 quum
687 2378 728 2434 ita
741 2376 874 2435 laudabi-

185 2471 231 2517 tur
246 2500 257 2531 ‚
274 2459 408 2538 quomodo
436 2481 506 2518 nunc
526 2459 561 2536 est
573 2479 583 2517 .·
597 2477 657 2515 non
683 2453 796 2516 fidentis
815 2456 874 2517 hoc

187 2534 404 2611 testimonium,
422 2536 472 2598 sed
489 2539 586 2619 potiirs
601 2539 739 2597 timentis.
759 2537 875 2599 Herodi

191 2633 287 2687 autem
296 2618 463 2679 mandaram
480 2661 489 2690 ,
508 2637 540 2678 ut
558 2618 627 2677 mihi
638 2619 710 2679 uaria
721 2619 795 2694 μίτον
806 2619 874 2678 scri-

188 2695 298 2757 beret:
318 2718 411 2781 equo
428 2697 520 2759 adhuc
540 2699 616 2759 nulia
636 2697 730 2770 littera
742 2695 783 2757 est
798 2718 804 2754 :
821 2718 876 2757 ve·

185 2795 281 2850 reor,
306 2797 345 2839 ne
374 2778 445 2839 nihil
472 2779 630 2851 habuerit,
662 2778 742 2857 quod
771 2776 871 2847 mihi,

187 2877 274 3017 Reum
290 2878 329 2921 co
351 2856 484 2932 nossem,
500 2858 657 2938 jucundum
669 2870 785 2938 putaret
796 2853 873 2916 fore.

218 2937 280 3001 uod
299 2960 318 2999 a
356 2937 515 3002 Xenonem
530 2937 661 3022 scripsisti
670 2935 778 3092 i{venie
801 2935 873 2999 mihi
