2125 3784
184 243 209 321 8
278 242 285 253 “
378 248 680 331 Earsroan
748 290 750 297 ,

298 380 464 445 Crcarto
491 382 657 448 Arrrco
682 382 768 448 San:
799 458 802 463 ¹

189 525 217 585 ς.
230 473 344 598 Qum
354 532 402 573 me
417 511 504 574 causae
515 517 682 591 moverint,
695 514 782 597 qulam
794 532 870 574 acer·

186 589 259 664 bae,
281 593 368 673 quim
387 615 512 676 graves,
533 596 620 677 quam
641 617 747 669 novae,
766 599 872 676 coege-

186 673 301 754 rintque
322 677 432 754 impetu
442 676 543 759 'magis
561 676 690 756 quodam
706 677 793 735 animi
809 677 872 750 uti,

186 751 275 833 qndm
294 757 492 836 cogitatione,
506 777 566 817 non
583 754 696 839 possum
711 756 747 816 ad
761 775 790 817 te
809 757 871 816 sine

186 834 315 896 maximo
335 836 438 898 dolore
456 835 599 899 scribere:
618 837 733 898 fuerunt
752 836 871 917 quidem

186 930 294 990 tantae,
311 935 343 977 ut
358 917 409 990 id,
427 918 624 998 quodvides,
642 917 789 980 effecerint
799 937 807 976 ε
818 918 875 976 ita·

187 1015 245 1077 que
267 1016 321 1057 nec
345 999 414 1081 quid
435 999 471 1060 ad
489 1017 519 1062 te
538 999 660 1060 ¹scnlranr
679 999 715 1060 de
735 1001 807 1060 meis
824 1016 874 1066 re-

115 1151 118 1156 .
186 1075 264 1151 bus,
281 1099 337 1141 nec
355 1081 425 1162 quid
442 1103 458 1141 a
475 1098 504 1142 re
520 1100 643 1162 petam,
660 1084 792 1162 reperio:
810 1098 873 1139 rem

188 1156 385 1219 &summam
412 1183 448 1221 ne
471 1166 522 1222 otii
543 1162 637 1224 vides.
663 1160 807 1242 Equidem
835 1180 873 1220 ex

187 1241 244 1297 tuis
267 1241 366 1300 litteris
387 1183 541 1312 intellexi,
566 1241 597 1300 &
617 1242 673 1314 iis,
688 1254 764 1318 'quas
786 1259 874 1297 com-

187 1320 315 1380 muniter
337 1341 403 1379 cum
425 1321 485 1380 aliis
506 1319 658 1400 scripsisti,
678 1320 711 1378 &
727 1323 783 1390 iis,
802 1338 874 1397 quas

187 1415 240 1458 tuo
264 1403 406 1472 nomine,
427 1402 508 1482 quod
525 1405 614 1460 etiam
631 1399 698 1459 med
713 1397 814 1479 sponte
829 1398 875 1459 vi·

190 1479 315 1553 debam,
335 1498 364 1542 te
384 1479 616 1543 subdebilitatum
633 1500 727 1540 novas
745 1480 875 1540 rationes

184 1563 289 1623 tuendi
302 1566 360 1624 mei
371 1583 509 1643 quaerere.
524 1561 620 1642 Quod
632 1561 730 1628 scribis
743 1562 875 1643 placere,

187 1659 222 1703 ut
263 1646 361 1726 ropids
382 1646 539 1718 accedam,
560 1646 670 1725 iterque
691 1664 744 1723 per
764 1640 875 1720 oppida

188 1666 277 1785 nodo
297 1726 418 1794 faciam;
438 1746 499 1784 non
519 1725 584 1784 sane
603 1725 713 1792 video,
734 1718 876 1798 quemad·

188 1807 312 1864 modum
339 1805 368 1862 id
393 1801 456 1860 fieri
483 1803 598 1879 possit:
617 1817 714 1878 neque
736 1800 815 1858 enim
835 1798 875 1859 ita

187 1901 257 1962 apta
278 1882 373 1941 habeo
394 1878 583 1953 deversoria,
609 1895 642 1938 ut
660 1895 722 1938 tota
740 1896 876 1960 tempora

189 1963 290 2022 diurna
310 1965 339 2020 in
363 1961 406 2020 his
430 1962 540 2039 possim
562 1959 755 2033 consumere;
777 1980 874 2042 neque

188 2043 227 2102 ad
248 2045 304 2114 id,
324 2038 405 2121 quod
428 2043 557 2122 qumis,
584 2042 707 2102 multum
729 2041 875 2117 interest,

187 2124 286 2182 utrirm
307 2141 356 2181 me
376 2121 520 2180 homines·
535 2124 565 2182 in
592 2124 702 2205 oppido
714 2123 844 2186 videant
864 2169 876 2199 ‚

189 2222 226 2263 an
244 2204 274 2262 in
294 2204 343 2265 via
364 2221 373 2261 t
400 2200 450 2264 sed
471 2220 570 2264 tamen
586 2204 643 2264 hoc
664 2204 778 2285 ipsum,
802 2206 875 2266 sicut

188 2283 244 2342 alia
256 2282 467 2358 considerabo,
483 2286 730 2366 quemadmodum
742 2306 876 2345 commo-

189 2363 308 2424 dissime
328 2363 391 2426 fieri
412 2364 492 2446 polle
509 2367 651 2428 videatur.
671 2366 736 2450 Ego
754 2383 876 2448 propter

188 2445 390 2506 incredibilem
409 2448 441 2508 &
462 2450 549 2509 animi
567 2449 599 2509 ἂ
617 2449 747 2528 corporis
761 2443 876 2505 moles·

186 2527 259 2586 tiam
279 2526 424 2588 conficere
448 2526 546 2608 plures
564 2531 670 2588 litteras
692 2548 752 2585 non
772 2528 875 2606 potui:

188 2609 223 2668 iis
241 2609 354 2670 tantltm
372 2607 519 2688 rescripsi,
536 2631 553 2668 a
575 2609 677 2688 quibus
694 2627 876 2687 acceperam.

189 2687 238 2749 Tu
261 2689 353 2750 velim
370 2689 402 2748 &
423 2687 543 2760 Basilo,
562 2689 594 2747 &
613 2689 715 2768 quibus
735 2705 875 2766 praeterea

189 2770 336 2836 videbitur
352 2773 469 2850 „etiam
486 2769 609 2832 Servilio
630 2768 790 2832 conscribas
807 2812 817 2842 ,
842 2783 875 2828 ut
