2125 3784
178 286 248 361 506
291 270 314 275 ”
344 263 665 351 'Enirrn‘ra

172 404 293 467 evolare
307 399 395 474 hinc,
411 398 500 480 idque
517 396 734 481 quamprimum
751 436 762 472 ‚
783 394 836 461 ubi

212 529 267 581 Nec
282 525 451 594 Pelopidarum
460 521 547 589 Aac,
565 488 638 588 neone
650 520 743 590 samam
760 516 866 605 maian,

175 636 235 699 Sed
255 636 327 698 heus
345 653 402 710 tu,
421 653 461 695 ne
481 631 556 692 lorti
576 632 615 692 sis
636 636 775 709 nescius,
793 633 865 696 Do·

175 719 281 781 labella
298 738 346 779 tne
364 718 418 778 sibi
436 717 572 798 legavita
599 715 629 774 d.
646 733 683 776 w
698 716 820 777 Nonas:
836 714 866 779 il

174 801 247 863 mihi
275 802 336 860 heri
355 800 468 880 velperi
493 798 655 857 nuntiatum
682 797 735 859 eli.
757 799 867 861 Votiva

175 904 214 945 ne
232 884 284 942 tibi
303 881 420 964 quidem
440 877 592 960 placebat:
609 881 719 939 etenim
737 900 802 941 erat
818 880 868 943 ab·

175 964 314 1041 surdum,
331 984 417 1045 quae,
434 964 458 1022 si
475 959 588 1021 stetiss'et
610 961 793 1042 respublica,
811 982 868 1023 vo·

175 1045 278 1109 villem
291 1091 302 1122 ,
317 1066 353 1106 ea
370 1065 441 1116 me,
461 1044 563 1102 eversi
583 1042 654 1114 1112,
674 1063 749 1104 vota
767 1040 866 1104 dillol-

105 1144 111 1152 '
174 1147 267 1191 vere:
285 1130 316 1187 &
336 1130 463 1197 habent,
480 1126 610 1205 opinor,
625 1124 724 1185 liberae
742 1126 868 1207 legatio·

175 1229 228 1270 nes
245 1208 398 1270 definitum
417 1226 533 1286 tempus
550 1205 617 1287 lege
634 1205 732 1280 Julii3
750 1228 805 1268 nec
824 1206 869 1269 fa·

176 1291 230 1349 cile
249 1291 316 1349 addi
336 1286 432 1370 potest
451 1288 561 1348 adhoc
581 1307 672 1368 genus
691 1290 867 1372 legationis,

176 1386 209 1431 ut
227 1415 237 1443 ,
258 1391 347 1452 quum
365 1372 437 1433 velis
455 1371 623 1444 ,introire‚
643 1370 746 1446 exire,
765 1374 871 1447 liceat;

177 1452 258 1533 quod
271 1475 349 1516 nunc
365 1454 435 1513 mihi
446 1453 577 1513 additum
588 1450 629 1510 est
646 1472 652 1509 :
669 1452 746 1513 bella
766 1451 809 1515 est
821 1474 873 1515 au·

176 1550 237 1596 tem
247 1534 330 1616 hujus
341 1534 410 1614 juris
421 1534 608 1616 quinquennii
617 1535 744 1595 licentia.
751 1534 871 1678 quam·

178 1637 266 1698 quam
283 1619 352 1701 quid
372 1619 410 1679 de
422 1617 622 1700 quinquennio
634 1618 764 1697 cogitem
799 1638 873 1677 con·

177 1701 252 1760 trabi
262 1701 331 1761 tmhi
343 1706 494 1786 negotium
505 1696 629 1760 videtur.
641 1695 700 1757 Sed
709 1707 875 1777 suarem·

175 1799 336 1843 mutamus.

194 1968 198 1975 ,
269 1898 434 1965 (ircano
477 1899 642 1963 Arrrco
686 1899 777 1967 Sar..

180 1998 265 2088 ιιΒ
276 2040 347 2082 aua
359 2022 526 2083 mehercule
538 2024 575 2084 de
587 2023 753 2085 Buthrotos
769 2040 799 2085 at
812 2036 879 2107 egel

175 2105 320 2166 Tironem
335 2104 370 2162 ad
386 2102 574 2164 Dolabellam
586 2127 652 2167 cum
664 2107 788 2180 litteris,
824 2108 871 2167 uia

174 2182 314 2270 julleras,
331 2183 482 2245 miseram:
495 2188 564 2266 quid
578 2186 689 2249 nocet?
703 2185 755 2247 De
766 2127 872 2255 πυλὶς

178 2289 277 2331 autem
297 2268 459 2330 Antiatibus
478 2265 543 2328 satis
561 2269 683 2330 videbar
699 2270 785 2350 plani
800 2267 869 2329 scri-

177 2351 262 2433 psisse
275 2397 283 2424 ,
299 2367 403 2412 utnon
416 2349 581 2422 dubitares,
598 2349 688 2412 ellent
699 2354 770 2430 quin
780 2351 869 2412 otiosi

176 2432 285 2506 futuri,
304 2433 435 2512 usurique
454 2431 598 2500 beneficio
621 2435 744 2494 Antonii
762 2448 868 2493 contu·

176 2513 310 2579 melioso.
329 2511 447 2573 Cassius
461 2509 676 2576 frumentariam
689 2534 752 2575 rem
767 2513 880 2595 aspen

177 2595 324 2659 uallatur:
348 2614 411 2655 eam
432 2593 554 2656 Servilia
575 2598 748 2658 lublaturam
769 2616 806 2657 ex
824 2594 876 2655 sei·

177 2676 391 2740 natusconsulto
407 2675 435 2736 se
455 2675 511 2741 effe
529 2678 656 2741 dicebat.
675 2676 780 2739 Noller
792 2676 871 2737 verb,

178 2767 224 2820 atui
239 2765 318 2833 ullu
337 2767 443 2831 cruris,
460 2760 490 2817 in
510 2759 639 2830 Asiam,
661 2759 758 2840 postea
777 2756 877 2840 quam*

179 2840 251 2899 mibi
265 2838 307 2902 est
324 2837 451 2901 alienius
470 2841 536 2902 tutb
554 2840 588 2902 le·
603 2841 709 2903 Roma
728 2839 877 2905 elle-note
