2125 3784
256 394 327 462 244
444 370 745 463 Eersrozn

252 487 360 568 potui,
387 482 467 564 quod
495 482 627 565 scripsisti
648 484 691 543 his
717 480 847 542 verbis:
870 484 934 547 Veni

252 570 335 648 igitur
353 584 405 637 ru,
426 567 473 644 qui
498 571 669 638 interula»,
690 565 755 622 veni
775 585 785 624 τ
806 563 936 645 relinques

250 646 400 729 patriam?
424 646 475 704 An
498 665 554 727 ego
575 644 798 726 relinquebam,
821 662 870 705 aut
888 645 937 713 tibi

252 744 315 787 tutn
330 728 492 806 relinquere
508 725 648 799 videbar?
666 744 698 786 tu
717 724 749 783 id
767 744 832 784 non
849 725 937 785 modb

252 830 314 868 non
337 806 540 887 prohibebas,
562 804 774 865 verumetiam
797 806 939 888 approba·

252 890 316 950 bas.
332 887 501 961 Graviora,
522 908 587 967 quae
606 885 720 947 restant.
735 886 825 949 Velim
838 890 939 963 exirm

253 972 371 1050 aliquod
393 970 485 1027 elimes
511 971 551 1026 ad
579 989 642 1039 me,
665 965 810 1048 oportuisse
834 986 859 1026 te
879 969 940 1049 ,istuc

249 1050 354 1132 facere.
372 1048 473 1122 itane,
488 1051 529 1107 mi
547 1048 670 1122 Attice,
691 1046 865 1108 defensione
878 1062 941 1129 eget
958 1054 960 1059 '

255 1153 357 1193 meum
375 1129 503 1202 laetum,
522 1128 677 1209 praesertim
689 1129 767 1208 apud
787 1145 840 1203 te,
858 1126 941 1210 quiid

257 1213 425 1274 mirabiliter
451 1209 615 1290 approbasti
641 1210 651 1269 l
679 1228 736 1291 ego
763 1211 839 1269 verb
864 1209 942 1269 istum

257 1293 633 1368 ἅπαλογισμόιωυντάξσμιι,
654 1288 702 1350 sed
722 1290 760 1348 ad
780 1310 885 1351 eorum
894 1290 944 1349 ali·

298 1390 346 1430 em
357 1414 367 1442 ,
380 1370 482 1448 quibus
492 1369 590 1430 invitis
602 1371 633 1430 δι
646 1369 872 1430 dissuadentibus
881 1390 945 1452 pro·

271 1450 349 1511 eiius
362 1449 423 1510 sum
436 1470 443 1507 :
456 1452 511 1509 etsi
527 1451 598 1530 quid
609 1449 668 1530 jam
680 1474 699 1510 o
723 1474 756 1512 us
768 1448 812 1511 est
829 1448 944 1529 exculpi

260 1535 285 1593 si
299 1528 546 1612 perseverassem,
566 1553 638 1613 opus
652 1473 756 1594 suillet.
776 1532 822 1592 At
835 1532 946 1613 hocip·

260 1611 323 1673 sum
351 1634 412 1673 non
439 1610 615 1673 constanter.
640 1612 740 1673 Nemo
762 1611 865 1673 dottru
885 1632 948 1673 um·

262 1714 350 1774 quarn
369 1692 384 1775 (
403 1694 493 1753 multa
511 1711 607 1754 autem
627 1694 739 1756 dehoc
759 1712 869 1776 genere
886 1690 948 1755 scri·

263 1796 314 1857 pta
331 1775 393 1834 sunt
411 1774 425 1856 )
446 1778 638 1835 mutationem
656 1776 769 1835 consilii
784 1772 949 1836 inconstan-

264 1859 337 1916 tiam
347 1857 417 1915 dixit
428 1854 493 1916 elle.
510 1855 661 1937 Deinceps
678 1859 765 1938 igitur
777 1856 862 1917 haec:
876 1858 949 1917 Nan

265 1940 292 1995 si
308 1959 327 1993 a
342 1937 459 1994 phedro
476 1937 587 2015 nostro,
607 1943 734 2019 expedita
753 1938 895 2019 excusatio
910 1935 951 2017 es-

260 2017 305 2096 set
323 2037 332 2073 .·
351 2035 422 2073 nunc
440 2015 507 2094 quid
525 2017 740 2095 respondemus?
761 2015 842 2100 Ergo
854 2017 952 2078 idetat

267 2114 367 2155 meum
384 2094 511 2167 stilum,
529 2100 611 2177 quod
631 2098 738 2160 Catoni
751 2101 878 2179 probare
894 2118 952 2159 non

269 2177 405 2256 possim,
426 2176 526 2258 flagitii
551 2177 659 2241 scilicet
679 2181 800 2260 plenum
819 2226 829 2254 ,
848 2179 880 2239 &
898 2180 954 2239 de-

270 2255 395 2316 decoris.
415 2256 537 2317 Utinam
557 2280 575 2319 a
591 2263 685 2340 primo
704 2265 742 2321 ita
757 2260 811 2320 tibi
827 2258 955 2328 essetyi·

269 2336 360 2398 sum!
382 2354 414 2397 tu
441 2338 532 2413 mihi,
555 2342 628 2401 sicut
657 2339 712 2402 elle
737 2340 813 2402 soles
832 2387 843 2417 ,
861 2338 953 2401 firisles

272 2417 362 2479 Cato.
374 2417 542 2481 Extremum
559 2422 630 2483 illud
645 2423 694 2483 vel
706 2421 954 2483 molestissimum:

273 2500 352 2559 Nam
372 2503 478 2561 Brutus
495 2505 580 2584 noster
599 2504 690 2575 siler‚·
721 2503 780 2563 hoc
806 2502 876 2577 est,
896 2522 957 2563 non

274 2579 363 2641 audet
381 2580 531 2642 hominem
548 2583 579 2641 id
603 2586 695 2644 aetatis
714 2604 849 2645 monere.
870 2582 961 2643 Aliud

275 2661 346 2722 nihil
360 2660 476 2735 habeo,
535 2664 576 2722 od
586 2683 622 2723 ex
632 2666 665 2723 iis
682 2682 736 2725 ate
754 2665 855 2725 verbis
871 2665 963 2746 signi·

276 2741 355 2803 ficari
389 2758 485 2813 utem,
547 2744 664 2804 hercule
677 2747 717 2807 ita
726 2743 768 2805 est
789 2767 797 2805 :
815 2765 883 2806 nam
897 2762 963 2805 xvt

274 2823 343 2885 Kal.
360 2762 441 2902 iept.
461 2843 550 2903 quum
567 2823 707 2885 venissem
724 2826 863 2903 Veliam,
881 2824 966 2887 Bru·

276 2920 324 2966 tus
343 2903 452 2969 audivit
469 2925 480 2982 ;
501 2922 563 2968 erat
580 2909 660 2970 enim
677 2928 744 2970 cunt
763 2908 820 2970 suis
841 2907 966 2973 navibus
