2125 3784
143 409 202 494 308
364 411 595 471 Noram

181 529 205 578 5.
227 526 252 577 3.
272 510 369 564 Parati.
393 515 430 566 Ut
450 511 587 571 Ciceroni,
612 509 680 578 qubd
699 509 760 564 effet
776 529 826 566 cum

140 586 280 652 Pompeio,
305 587 391 637 domus
410 587 472 646 sua,
497 603 567 652 quam
584 585 610 636 in
628 583 727 636 Palatio
742 587 826 658 magni·

139 658 207 711 ficam
222 660 349 719 habebat,
370 659 516 710 auferretur.

176 731 237 782 lbid.
262 747 305 795 ις.
329 730 354 784 A
374 732 429 782 ruis.
459 730 510 796 Qui
532 747 575 782 rea
596 729 678 782 Attici
695 731 825 800 Epiroticae

140 807 311 872 procurabant.

177 878 204 928 6.
234 894 259 932 2.
294 877 422 948 diruptio.
445 876 557 930 Subitum
581 875 716 928 divortium
729 878 823 932 Tulle

142 967 197 1002 cum
218 952 359 1004 Dolabella.

176 1025 238 1074 lbid.
258 1039 285 1088 9.
304 1025 359 1076 Etsi
374 1023 418 1086 ista
433 1039 468 1074 res
485 1021 547 1073 nihil
559 1021 631 1072 tabee
646 1021 822 1091 eonfhlaaa‘onr's.

139 1097 269 1148 Lambinus
289 1098 341 1165 poll
364 1097 498 1148 Corradum
517 1097 543 1146 δι
562 1095 723 1160 Malaspinam
744 1096 821 1149 censet

140 1172 207 1222 libris
230 1172 303 1222 etiam
324 1170 570 1239 invitislegendum,
592 1168 639 1218 erea'
654 1169 700 1232 r‘Jla
716 1186 754 1221 rea
766 1188 820 1222 aaa·

141 1244 203 1294 nihil
220 1244 290 1294 habet
308 1241 491 1310 consolationis.

178 1334 223 1380 7
252 1332 275 1376 5.
301 1317 345 1368 De
364 1315 496 1366 Frusinati.
517 1314 599 1379 Quem
616 1314 719 1364 fundum
736 1312 821 1367 Cicero

138 1389 282 1439 vendiderat
296 1389 326 1439 el
342 1389 417 1454 lege,
437 1401 465 1446 ut
482 1389 528 1438 sibi
544 1387 633 1438 liceret
651 1389 778 1440 redimere.

176 1458 664 1528 lbid.17.Reliqrrananeadenaureffe
680 1459 821 1546 difficiliora.

138 1532 229 1602 Magna
250 1532 337 1584 fiducia
360 1533 513 1599 Pompeianis
537 1533 672 1586 accederat
692 1551 725 1586 ex
741 1522 821 1602 proelio

139 1623 216 1673 nuper
230 1607 294 1657 fallo
309 1607 338 1657 ad
355 1607 545 1675 Dyrrhachium.

179 1680 195 1730 8
209 1713 218 1739 ,
236 1697 263 1744 7.
286 1679 321 1730 Ur
337 1681 382 1737 id,
399 1680 552 1748 quadradas,
570 1677 705 1745 effecerint.
718 1678 771 1730 Poll
783 1695 822 1746 pu·

140 1770 210 1823 gnam
228 1753 385 1804 Pharsalicam
403 1786 410 1811 .
436 1752 576 1817 Pompeiani
593 1785 600 1810 ,
623 1753 665 1818 qui
683 1750 822 1821 Dyrrhachi

140 1842 226 1886 erant.
241 1827 368 1894 imperium
380 1826 521 1876 deferebant
532 1825 563 1873 ad
575 1823 745 1882 Ciceronem.
758 1840 821 1893 quen

140 1900 314 1951 detredlantem
337 1897 502 1957 occidillent‚
526 1897 573 1948 nisi
593 1896 660 1948 Cato
680 1898 821 1949 obstitiffere

140 1991 189 2041 quo
208 1975 318 2040 periculo
336 1973 453 2032 territus,
473 1970 563 2022 relictis
582 1972 693 2039 partibus
705 2005 715 2034 a
726 1968 821 2035 arud·

140 2046 202 2098 aium
219 2051 305 2103 venir..

176 2136 217 2187 9,
240 2137 266 2188 9.
287 2119 420 2189 Proficies.
440 2121 478 2172 Ad
499 2119 628 2172 Caesarem.

149 2209 232 2253 ιο,
258 2209 299 2260 19.
319 2197 421 2262 Reliqua
446 2210 552 2262 tempore
575 2211 611 2243 nae
634 2178 718 2245 ὼιιό.
739 2191 824 2261 Supple

139 2267 257 2318 contineo
282 2268 398 2319 abditum.
423 2267 459 2319 Te
472 2286 534 2319 nane
555 2268 588 2316 ad
602 2265 708 2316 Balbum
731 2267 755 2318 6·
777 2267 824 2334 Op·

136 2340 211 2410 pium.
238 2341 330 2409 Supple
358 2343 456 2409 delego.
484 2342 518 2392 Et
543 2340 653 2407 quoniam
672 2339 703 2390 r'ir
721 2339 824 2409 placem

138 2415 208 2484 naodd
225 2416 324 2484 propitia
345 2417 478 2475 accedere,
500 2429 525 2464 ιιι
544 2415 588 2463 hae
607 2414 637 2464 de
654 2430 680 2463 re
696 2415 824 2465 considera·

138 2501 200 2537 rene.
216 2487 253 2537 Ira
268 2490 329 2557 regii
346 2489 454 2547 codices.
466 2487 568 2556 Vulgari
580 2520 588 2546 ,
600 2486 695 2538 omissis
710 2487 823 2546 vocibus,

141 2559 319 2627 Quoniam,
344 2562 434 2611 habent
454 2562 634 2611 considerarem.

180 2646 234 2698 ι3,
253 2646 280 2697 3.
299 2632 348 2684 Res
366 2630 416 2700 ipsa
434 2634 522 2700 excipi.
541 2635 578 2683 lta
595 2632 663 2684 reale
676 2633 824 2686 codiceere·

140 2705 184 2775 gii.
202 2706 287 2776 Vulgo
306 2705 384 2756 editur
401 2723 427 2756 re
448 2704 499 2774 ipsa
517 2706 605 2776 excipi.

178 2794 234 2841 14,
257 2779 302 2830 28.
321 2775 447 2846 flagitari
468 2781 564 2847 Nempe
580 2797 594 2829 a
611 2780 724 2839 Tullia,
740 2792 767 2831 ut
782 2773 821 2830 sibl

139 2868 154 2902 a
175 2853 306 2904 Dolabella
329 2852 468 2914 destitute,
491 2854 676 2920 nomiaepatris
699 2849 822 2906 cicerone

138 2939 213 2992 opem
231 2927 319 2978 ferret.

179 3011 209 3064 15
228 3030 236 3058 ι
264 3015 306 3053 ιο.
329 2998 379 3073 Qui
396 2994 469 3071 priris¹
485 2998 553 3050 illam
575 2999 688 3052 viderint.
707 3000 746 3052 Ita
765 2992 823 3070 aegil
