2125 3784
123 302 128 311 ’
174 355 220 421 72
363 329 656 397 Ennaton!

172 442 209 503 Et
221 442 308 503 velim
322 442 499 523 aliquandQ
509 461 600 521 quum
614 442 670 501 etit
683 457 768 503 tuum
780 462 845 505 com·

173 520 314 597 niodum,
333 523 489 583 Lentulum
509 521 728 602 puerum.visas
743 568 754 597 ,
769 526 848 605 Q

173 604 210 661 de
231 606 401 683 mancipiis,
423 623 486 684 quae
503 602 556 679 tibi
576 600 725 663 videbitur
744 648 757 679 ,
777 604 849 677 ami·
880 608 888 664 i

171 682 253 743 huns.
275 682 351 744 Piliae
361 686 377 759 ,'
390 682 516 757 Atticae,
532 682 663 744 salutema
886 682 888 691 ’

271 802 435 866 thano
464 803 641 863 Atrico·
661 800 755 863 Sat.

171 890 397 1005 '29.Stttus‚
412 942 444 985 ut
462 921 580 995 scribis,
595 920 683 1001 hodie
698 940 707 980 t
729 942 796 985 cras
807 922 855 1007 igi·

170 1024 243 1079 tur,
259 1002 308 1065 v'el
322 1006 419 1085 potius
437 996 527 1085 q'uutn
547 1004 677 1083 poterin,
693 1000 803 1083 scribes
811 1024 854 1085 ‚p

176 1086 248 1168 quid
269 1087 345 1158 erit,
373 1105 462 1165 quum
481 1082 597 1144 videris.
618 1078 683 1143 Nec
703 1102 766 1165 ego
786 1084 856 1173 Bap-
886 1114 887 1157 3

177 1166 345 1237 tutn'vito‚
369 1186 423 1225 nec
444 1183 541 1226 tamen
561 1163 597 1221 ab
617 1181 655 1241 eo
679 1163 856 1243 levationep

176 1249 264 1309 ullam
281 1244 432 1325 exspedio:
449 1243 595 1313 sederant
611 1234 722 1315 causae,
738 1244 857 1327 ,αἰώρα

178 1343 310 1406 tempore
332 1323 389 1383 istic
410 1321 465 1384 elle
483 1324 608 1383 nollem:
627 1342 692 1403 quae
709 1327 735 1382 si
758 1344 856 1405 me·

176 1407 250 1464 bunt
263 1450 272 1477 ‚
288 1404 442 1485 quaerenda
452 1407 503 1464 erit
514 1400 657 1463 excusatio
669 1402 707 1473 ab
718 1400 856 1485 13in

179 1486 235 1557 δι,
257 1502 287 1543 ut
308 1505 383 1543 nunc
404 1482 464 1558 est,
488 1480 625 1543 mansurae
642 1482 792 1547 videntur.
809 1482 857 1549 De

178 1567 289 1637 hortis,
310 1564 424 1645 quaeso,
439 1566 563 1644 explica.
582 1560 678 1645 Caput
699 1558 775 1645 illud
785 1560 858 1645 est,

182 1647 261 1729 quod
280 1645 356 1705 scis:
380 1644 531 1727 sequitutu,
557 1663 589 1703 ut
607 1646 695 1715 etiam
714 1642 860 1785 mibitffl

181 1728 320 1811 quiddam
334 1748 408 1807 opus
424 1730 479 1799 sit;
495 1745 548 1784 nec
567 1726 644 1783 enim
659 1720 761 1807 elle-in
776 1740 824 1783 tur
839 1786 851 1805 Ι,

182 1808 318 1889 possunt,
339 1828 392 1865 nec
417 1830 434 1864 a
458 1808 542 1865 vobis
566 1802 670 1865 abelle.
693 1802 769 1863 Huic
790 1823 859 1865 meo

181 1889 303 1946 consilio
321 1885 389 1942 nihil
408 1887 520 1963 reperio
539 1883 590 1943 isto
607 1885 674 1944 loco
690 1885 806 1965 aptius:
830 1882 859 1943 dt

183 1967 220 2024 de
243 1966 341 2023 haere
362 1963 431 2043 quid
451 1966 491 2022 tui
508 1967 619 2023 consilii
634 1968 689 2037 sit,
708 1962 779 2024 mihi
794 1983 859 2045 pet·

181 2043 290 2102 suasum
311 2041 370 2114 est,
392 2046 422 2102 δι
444 2046 480 2104 ei>
497 2048 606 2125 tnagis,
623 2045 703 2124 quod
721 2044 802 2105 idem
815 2044 860 2104 itt·
886 2076 887 2087 κ

181 2124 280 2182 tellexi
294 2123 344 2181 tibi
357 2124 471 2196 videri,
488 2145 536 2184 tne
549 2126 584 2182 ab
600 2122 704 2204 Oppio
721 2125 754 2184 δι
769 2122 858 2195 Balbo

185 2203 270 2263 valde
289 2202 377 2285 diligi.
398 2202 476 2263 Cum
493 2207 525 2264 iis
544 2206 741 2265 communices
755 2221 859 2287 quanto

184 2304 274 2363 opere
296 2284 325 2342 &
346 2305 432 2364 quare
452 2284 541 2343 velim
562 2285 685 2357 hortos3
704 2283 755 2347 sed
774 2286 803 2347 id
823 2287 858 2345 ita

184 2362 294 2441 polle,
315 2366 338 2424 si
361 2365 530 2446 expediatur
556 2365 626 2423 illud
651 2364 858 2427 Faberianum:

184 2445 277 2504 sintne
296 2447 379 2527 igitur
392 2444 520 2506 nudiores
541 2443 645 2516 fututi3
667 2449 690 2505 si
703 2467 759 2525 qua
775 2448 858 2506 etiam

185 2519 290 2600 jadlura
316 2525 447 2585 facienda
477 2528 512 2585 sit
542 2528 572 2584 in
600 2525 859 2604 repraesentando,

185 2602 283 2741 guoad
301 2602 414 2681 pollunt
437 2605 559 2664 adduci:
581 2624 675 2665 totum
695 2602 860 2666 enin'illud

208 2679 367 2758 espetatum
387 2706 393 2743 :
417 2684 541 2764 denique
565 2686 707 2767 intelliges
728 2732 739 2760 ‚
758 2706 792 2747 ec
834 2682 861 2744 id

185 2760 323 2821 inclinent
347 2762 458 2824 adhoc
481 2784 578 2825 meum
604 2766 755 2827 consilium
776 2707 832 2842 adi²

169 2838 323 2935 jucudum·
342 2840 373 2902 Si
392 2844 461 2924 quid
478 2847 551 2921 etit,
567 2846 705 2929 magnum
723 2843 763 2906 est
777 2844 863 2922 adju·

715 2943 846 2988 menium
855 2946 862 2985 :

77 3050 320 3452 ascl
