2125 3784
270 434 316 500 24
446 393 748 480 Errsiors

264 524 445 605 intelligere,
458 527 509 585 tibi
520 547 581 586 non
593 526 727 610 placere,
738 525 819 608 qubd
830 525 867 585 ad
877 529 953 588 mul·

262 619 310 663 tos
335 605 371 664 de
395 625 442 665 me
465 607 589 686 asperius
611 607 771 689 scripserit:
799 609 896 689 itaque
918 610 948 671 se

263 687 424 763 poenitere,
439 689 519 768 qubd
536 693 664 749 animum
679 707 760 749 tuum
774 687 949 764 offenderim

261 763 312 824 sed
327 765 356 827 se
373 763 435 844 jure
453 766 568 831 fecisse:
583 768 689 830 deinde
707 767 853 850 perscribit
870 769 949 850 spur·

262 847 397 921 cissimb,
419 869 489 929 quas
511 851 551 910 ob
571 849 666 911 causas
686 849 805 911 fecerit:
825 850 874 910 sed
895 872 950 911 ne·

263 946 319 1006 que
341 928 398 988 hoc
416 944 572 1010 tempore,
596 951 651 992 nec
668 951 754 994 antea
769 931 948 1011 patefecisset

263 1007 364 1067 odium
384 1009 465 1070 suum
485 1014 515 1070 in
535 1033 603 1086 me,
626 1014 681 1072 nisi
701 1012 836 1074 omnibus
861 1014 947 1074 rebus

261 1094 310 1150 me
327 1088 384 1150 esse
400 1090 565 1174 oppressum
580 1093 704 1157 videret.
721 1094 819 1175 Atque
837 1097 947 1154 utinam

259 1171 309 1230 vel
330 1170 496 1249 nouumis,
517 1174 765 1256 quemadmodum
783 1195 815 1235 tu
832 1173 948 1254 scripse÷

259 1271 305 1310 ras
325 1297 335 1324 ,
357 1255 505 1314 itineribus
535 1258 655 1335 propius
685 1270 715 1313 te
742 1254 946 1316 accessissem:

260 1353 337 1391 nunc
360 1352 414 1392 nec
437 1334 485 1392 ubi
506 1378 517 1405 ,
535 1354 589 1394 nec
630 1335 726 1392 uando
745 1349 773 1392 te
792 1337 846 1391 sim
864 1335 947 1396 visu-

259 1431 324 1483 rus,
339 1412 450 1491 possum
462 1412 604 1490 suspicari.
654 1433 670 1472 e
686 1412 876 1472 coheredibus
889 1415 947 1475 Fu.

258 1486 369 1552 fidianis
387 1493 456 1553 nihil
476 1492 552 1567 suit,
570 1493 650 1573 qubd
667 1493 704 1550 ad
721 1512 769 1552 me
788 1490 940 1553 scriberes:

257 1593 326 1631 nam
352 1573 384 1632 &
407 1594 522 1655 aequum
543 1572 688 1653 postulant
707 1591 717 1646 ;
734 1572 786 1645 &,
822 1573 871 1631 uid
894 1575 945 1635 uid

239 1646 240 1658 ¹
258 1651 377 1736 egisses,
390 1653 466 1715 rests
481 1651 537 1715 effe
551 1653 645 1715 aslum
657 1591 946 1737 puiaremdlklun-

256 1734 297 1794 do
320 1734 461 1797 Frusinati
484 1736 656 1797 redimendo
677 1733 735 1812 jam
755 1734 869 1815 pridem
892 1738 944 1795 in-

257 1815 387 1876 tellexisti
402 1818 584 1877 voluntatem
599 1837 714 1875 meam:
730 1819 785 1874 etsi
802 1831 865 1874 tum
883 1837 946 1878 me-

256 1896 329 1956 liore
350 1896 418 1955 loco
437 1915 481 1953 res
501 1912 583 1954 erant
602 1893 704 1952 nostrae
724 1934 735 1964 ,
759 1912 856 1974 neque
880 1913 944 1956 rum

256 1977 328 2034 mihi
348 1974 531 2053 desperatum
548 1977 589 2033 ita
606 1972 777 2046 videbatur3
798 1990 894 2035 tamen
912 1980 943 2038 in

255 2054 439 2117 eadem'sum
456 2055 627 2115 voluntate:
642 2054 674 2114 id
693 2055 943 2134 quemadmodum

253 2135 324 2209 fiat,
340 2154 371 2194 tu
387 2134 508 2195 videbis.
522 2133 558 2194 Et
575 2136 683 2208 velim,
698 2135 794 2216 quoad
812 2138 941 2217 poteris,

253 2215 440 2288 consideres,
464 2232 495 2275 ut
520 2219 575 2289 sit,
597 2216 674 2276 unde
694 2216 779 2276 nobis
798 2216 941 2298 suppedi-

253 2314 351 2358 tentur
371 2295 498 2375 sumptus
516 2296 671 2357 necessarii.
690 2296 722 2357 Si
741 2317 811 2377 quas
833 2299 941 2359 habui·

253 2399 317 2439 mus
332 2376 508 2449 facultates,
527 2398 575 2438 eas
593 2377 735 2458 Pompeio
751 2396 834 2451 tum,
848 2401 939 2460 quum

251 2459 283 2518 id
300 2459 470 2520 videbamur
484 2457 625 2538 sapienter
638 2457 755 2529 facere,
773 2459 940 2523 detulimus.

250 2538 350 2621 Itaque
373 2558 434 2599 turn
453 2539 485 2598 &
504 2560 521 2596 a
548 2557 598 2599 tuo
619 2540 718 2600 villico
735 2538 930 2619 sumpsimus,

251 2619 417 2681 &aliunde
439 2623 560 2680 mutuati
582 2619 704 2694 sumus,
725 2640 814 2698 quum
832 2621 938 2702 Quin·

248 2715 295 2762 tus
313 2719 478 2783 quereretur
497 2720 549 2781 per
567 2701 698 2775 litteras,
718 2701 772 2760 sibi
788 2723 844 2762 nos
864 2702 937 2765 nihil

249 2782 380 2855 dedisle3
399 2785 446 2862 qui
467 2801 561 2862 neque
581 2783 616 2841 ab
637 2782 688 2841 illo
705 2785 797 2864 rogati
815 2782 934 2856 sumus,

248 2884 343 2945 neque
356 2866 409 2945 ipsi
424 2883 488 2924 eam
504 2865 656 2942 pecuniam
669 2860 861 2942 adspeximus.
873 2863 935 2926 Sed

246 2946 337 3014 ¹velim
351 2946 451 3012 videas
467 2944 536 3025 quid
554 2946 591 3007 sit
605 2944 685 3028 quod
701 2942 805 3009 confici
821 2948 937 3086 pqqsit,

738 3051 741 3058 ·
803 3047 855 3108 qur
877 3046 933 3110 que
