2125 3784
277 373 344 443 262
463 370 768 436 Eersrom
854 404 857 411 ·

272 485 353 626 :iuod
378 502 408 545 te
430 484 480 544 tul
502 485 604 565 sponte
629 481 770 543 facturum
795 481 850 545 elle
877 484 962 546 cettl'

286 570 354 639 cio,
375 566 495 625 honoris
515 562 603 624 nostri
619 564 704 624 causi
724 564 869 638 libenter,
883 587 941 646 pro·

272 648 353 722 lire,
373 647 504 708 celeriter
519 645 616 706 facias.
635 643 712 705 Mihi
729 666 820 706 nemo
838 644 878 707 est
891 648 942 707 ani·

271 730 354 801 tior,
373 748 429 788 nec
447 725 619 806 jucundior,
640 745 695 786 nec
718 729 813 787 carior
835 726 941 788 Attico:

271 806 354 888 cujus
370 828 455 870 antea
469 830 515 871 res
532 809 627 868 sollttn
644 807 792 868 familiaris
804 807 941 891 agebatur,

270 909 364 971 eaque
383 910 505 973 magna3
523 909 600 949 nunc
618 890 742 949 accessit
760 886 943 950 etiamexilli·

272 974 392 1044 matio,
414 989 469 1048 ut,
490 972 570 1053 quod
595 970 768 1032 consecutus
791 969 834 1031 est
856 970 944 1055 magni

271 1051 304 1111 &
322 1050 458 1112 industrii
478 1098 488 1126 ,
508 1052 542 1111 &
557 1053 671 1135 gratil,
688 1051 720 1111 &
739 1053 813 1113 vivo
828 1049 944 1125 cesare,

272 1132 305 1191 &
325 1151 442 1194 mortuo
458 1178 467 1208 ‚
492 1133 552 1206 id,
572 1152 602 1194 te
621 1130 803 1212 adjuvante,
823 1132 945 1195 obtineat.

272 1213 367 1292 Quod
386 1217 409 1273 si
426 1236 442 1273 a
459 1231 488 1274 te
511 1215 565 1276 erit
583 1216 791 1296 impetratum,
809 1215 849 1274 sic
869 1214 943 1275 velim

273 1292 437 1369 existimes,
451 1314 499 1354 me
511 1295 549 1355 de
562 1312 611 1355 tua
629 1295 801 1356 liberalitate
819 1297 859 1357 ita
872 1297 944 1356 intet-
985 1298 986 1317 ¹

270 1390 449 1455 pretatururn
467 1420 477 1448 ,
497 1391 528 1435 ut
552 1394 605 1437 tuo
620 1375 733 1437 summo
750 1375 893 1437 beneficio
905 1394 945 1436 me

270 1453 404 1516 affettum
413 1454 549 1536 judicem.
559 1456 716 1540 Ego,quae
726 1475 757 1517 te
767 1458 945 1540 velle‚qnae·
984 1478 986 1523 ἱ

271 1556 328 1616 que
348 1538 385 1597 ad
402 1554 431 1598 te
448 1539 594 1616 pertinere
609 1537 793 1613 arbitrabor,
812 1537 944 1611 studiose,

272 1618 480 1701 diligenterque
490 1619 664 1681 curabo.Da
673 1640 798 1701 operam
807 1638 839 1681 ut
850 1620 947 1682 valent.
975 1694 977 1699 Ι

333 1736 462 1799 theno
482 1735 618 1798 Pinnco
640 1736 752 1802 PnAEr.
772 1739 853 1802 Des.
873 1737 903 1801 S.

272 1822 326 1920 Jn
336 1879 362 1919 M
383 1878 467 1920 antea
480 1861 573 2000 Betivi
586 1859 636 1919 abs
649 1877 679 1927 te
696 1879 749 1940 per
762 1857 892 1932 litteras,
903 1874 948 1930 ut,

291 1961 359 1999 uum
381 1941 463 1999 causa
506 1941 697 2000 uthrotiorum
717 1939 842 2020 probata
854 1961 872 1998 a
885 1959 949 1999 con·

268 1962 373 2081 lilibus
389 2019 479 2092 estet,
500 2023 604 2099 quibus
622 2021 654 2080 &
674 2022 763 2103 lege,
781 2020 814 2079 δὲ
832 2019 952 2081 senatus·

267 2099 398 2160 consulto
426 2100 592 2181 permissum
619 2120 704 2174 erat,
723 2119 755 2162 ut
780 2101 818 2161 de
838 2100 951 2162 Caesaris

266 2181 335 2241 attis
346 2182 577 2263 cognoscerent,
588 2179 744 2243 statuerent
756 2227 765 2256 ,
776 2180 954 2261 judicarent,

267 2282 332 2322 eant
351 2283 413 2324 tem
433 2281 465 2324 tu
483 2261 634 2342 adjuvares
650 2285 659 2337 ;
678 2263 871 2345 Atticumque
884 2262 953 2325 nos·

266 2360 363 2420 trum,
382 2342 462 2424 cujus
475 2362 503 2406 te
518 2343 672 2404 studiosum
683 2347 812 2428 cognovi
825 2345 876 2417 ,&
886 2365 953 2419 me,

289 2429 317 2485 ui
328 2448 389 2486 non
402 2429 495 2487 miniis
513 2427 638 2498 laboro,
655 2426 789 2487 molessilt
809 2426 955 2487 liberares.

267 2447 415 2567 (tironibus
434 2511 512 2568 enim
529 2507 614 2568 rebus
632 2508 738 2588 magnit
755 2506 846 2580 curi,
863 2506 953 2568 inulti

266 2587 375 2668 operit,
395 2589 426 2646 &
442 2588 541 2648 labore
558 2586 718 2662 confellis‚
738 2591 768 2647 in
782 2605 813 2647 te
824 2590 954 2668 positum

266 2667 332 2742 est,
354 2684 384 2726 ut
406 2667 508 2727 nostrae
525 2669 721 2728 sollicitudinis
737 2667 828 2728 finem
845 2690 955 2749 quam·

264 2752 389 2832 primurn
409 2747 505 2809 facere
524 2750 667 2828 possimus
689 2771 696 2809 :
717 2771 890 2832 quamquam
904 2751 954 2808 in-

264 2833 418 2914 telligimus
431 2831 466 2890 el
477 2847 506 2890 te
518 2829 574 2890 elle
593 2831 767 2910 prudenti&
785 2851 818 2893 ut
832 2830 955 2907 videas,

264 2915 290 2976 si
306 2933 342 2981 ea
361 2912 477 2977 decreta
493 2910 668 2990 consulum,
686 2933 750 2997 quae
770 2913 808 2976 de
831 2911 954 2976 cesaris
