2125 3784
392 370 688 434 Larinum
821 387 880 454 tw

188 472 276 527 Clodii
286 508 294 534 ,
310 473 423 541 potestati
441 474 494 543 ejus
513 477 670 541 permittere,
692 484 719 525 ut
737 490 766 525 et
786 475 881 529 suntin

186 548 271 601 nostra
287 549 427 614 potestate,
449 566 502 615 quae
519 566 534 598 a
554 549 622 601 nobis
639 559 718 613 eropte
735 548 789 600 sunt
800 582 815 609 -‚
836 564 880 606 eut

186 621 273 693 potitis
292 656 300 681 ,
319 635 346 672 ut
367 623 401 672 est
417 623 514 673 debitor
528 621 621 687 judicio
636 623 703 673 nobit
720 623 840 675 addittus.

226 695 473 748 Aontcrus.Rosc.
484 697 515 746 C.
527 711 569 758 14.
578 696 680 745 aedicius
689 710 739 745 erat
747 695 811 747 tibi?
819 698 843 746 h.
852 713 878 749 e.

187 769 365 820 condemnatus
382 802 390 828 ‚
411 782 437 819 ut
456 770 500 820 tibi
521 769 628 821 solveret
643 769 789 836 pecuniam,
806 789 878 836 quom

186 841 321 910 petieras?
340 843 406 892 Flac.
420 858 464 894 20.
482 860 549 909 quum
560 843 693 909 judicatum
707 861 753 892 non
763 842 877 909 fheeret,

186 916 295 966 addidici
306 915 455 984 Hermippo,
477 917 501 965 ὁ·
520 916 550 964 od
566 918 609 966 hoc
629 917 705 965 dut'ius
719 917 760 978 eli.
772 918 840 968 Fam.
849 933 876 981 7.

188 1004 236 1050 24.
255 988 360 1039 eddiiius
370 989 536 1057 Hipponac‘ieo
552 990 672 1056 preconio
692 1023 700 1045 ‚
723 993 750 1040 h.
772 1007 795 1042 e.
817 991 877 1040 infa-

186 1062 244 1112 ntia
274 1061 381 1113 additus
405 1061 578 1128 traditusque,
606 1063 685 1112 Calvo
713 1064 788 1128 poeti
807 1064 890 1129 quusi¹

187 1150 327 1202 precone,
352 1152 433 1201 eoque
458 1134 600 1200 ejusmodi,
621 1137 697 1202 qualis
717 1137 762 1185 init
779 1137 876 1202 Hippo·

188 1224 260 1266 nex,
282 1209 323 1275 qui
338 1208 499 1259 Anthermum
516 1209 543 1259 δι
565 1208 681 1274 Bupalum
699 1210 810 1259 versibus
828 1211 874 1261 suis

189 1280 296 1331 infamia
313 1283 420 1333 tradidit.
441 1284 516 1333 Verr.
535 1298 551 1331 2
572 1314 580 1339 ‚
601 1295 645 1346 32.
662 1281 741 1348 pretio
760 1283 875 1332 addidere

188 1353 276 1404 dedere
284 1354 357 1424 fidem
369 1388 377 1414 ,
391 1356 418 1406 h.
434 1372 458 1405 e.
477 1366 616 1419 corruptum
631 1355 687 1406 effe.
701 1354 763 1406 Phil.
780 1372 815 1416 2,
829 1371 873 1406 21.

187 1426 288 1479 uendite
304 1442 374 1495 atque
389 1428 481 1477 oddiiia
490 1424 619 1494 sententia.

225 1500 396 1553 Λυυιοτιο.
408 1503 483 1554 Verr.
493 1500 550 1551 Att.
560 1515 571 1551 t
583 1518 625 1563 ,4.
636 1501 737 1551 addidit>
746 1501 873 1560 bononem,

189 1590 263 1641 quum
276 1574 353 1640 judex
367 1575 468 1642 petitori
479 1573 534 1639 ejus
550 1576 612 1625 bona
627 1575 773 1641 possidenda
784 1577 874 1635 tradit,

187 1647 254 1699 unde
272 1648 375 1714 petitur.

224 1719 400 1780 Animus,
413 1722 442 1771 de
454 1718 559 1770 dittione
571 1734 579 1769 t
591 1720 721 1786 opponitur
732 1718 838 1785 eleganti
850 1718 876 1769 8(

221 1794 281 1846 litte.

185 1810 415 1919 Podnwucrto.
428 1868 483 1916 lnv.
496 1881 512 1915 2
523 1899 531 1924 ,
547 1880 589 1929 57.
600 1860 709 1931 quosdam
720 1861 763 1928 effe
773 1881 823 1911 cunt
831 1865 874 1912 od·

180 1939 305 2011 junilium
332 1940 512 1990 necessitudines
533 1973 541 1998 ,
571 1934 681 2004 quasdam
710 1937 827 2000 simplices
851 1937 874 1986 d

186 2010 310 2081 absolutas
322 2013 367 2063 de.
381 2018 396 2047 *
409 2013 524 2064 Oratoria
545 2011 652 2078 quaedent
673 2010 809 2060 exornatio.
822 2010 876 2060 He·

186 2102 243 2143 ten.
258 2102 277 2150 4
293 2120 302 2144 ‚
321 2100 365 2150 27.

223 2164 404 2216 ΑυΜοουΜ,
415 2157 494 2226 plani.
506 2158 575 2209 Brut.
590 2172 601 2221 5
608 2172 633 2220 5.
647 2157 779 2208 litterarum
792 2158 875 2206 admo·

186 2234 243 2285 dum
261 2233 299 2284 nil
311 2230 439 2301 sciebam*
454 2233 514 2300 Leg.
527 2248 564 2291 2,
581 2245 621 2282 11.
635 2228 703 2296 scis.
717 2226 876 2297 ,staunfo-

185 2307 239 2358 lere
258 2306 284 2356 iu
300 2302 428 2372 hujusmodi
442 2303 575 2372 sermone,
593 2320 619 2353 ut
636 2303 733 2353 transiri
750 2305 800 2352 alid
815 2321 874 2370 pos-

186 2380 220 2429 sit
239 2414 249 2437 ,
275 2381 397 2429 admodum
420 2379 476 2430 dt'ci.
499 2379 610 2430 Verbum
633 2376 779 2426 affentientis
794 2392 801 2427 t
819 2390 874 2426 nant

185 2452 257 2502 addit
274 2452 382 2517 Quintus
400 2468 408 2504 t
427 2470 475 2501 uon
495 2452 598 2517 equidem
615 2447 735 2514 affeneier.

223 2525 502 2578 Ansckteroffled.
516 2539 525 2573 1
539 2539 583 2583 ,4.
591 2519 762 2590 Adscriptoriu
769 2539 804 2571 me
811 2520 875 2584 resti·

184 2601 293 2657 ruendo,
311 2600 338 2649 h.
354 2616 378 2648 e.
392 2599 433 2666 qui
447 2597 539 2648 auiiori
556 2595 711 2647 restitutionis
722 2613 782 2647 meae
799 2597 877 2646 atien-

185 2673 226 2725 sus
237 2673 280 2724 est.
292 2675 307 2706 ²*
322 2672 385 2741 dgr.
405 2687 441 2730 2,
461 2686 487 2737 9.
502 2668 657 2740 adscriptores
673 2670 752 2738 Iegis,
771 2669 824 2719 sunt
837 2683 878 2731 ap·

182 2746 333 2815 probatores
351 2746 413 2814 legis
431 2762 445 2795 e
465 2746 568 2797 consilio
586 2746 754 2801 tribunorum,
772 2740 813 2807 qui
832 2744 879 2788 uni

184 2836 242 2871 cum
258 2819 335 2871 Rullo
358 2821 484 2870 ferendam
502 2819 644 2870 statuerant.

224 2894 467 2945 Ans'rtrutnrott
477 2926 485 2952 ‚
497 2892 530 2942 est
541 2892 581 2959 qui
590 2891 615 2939 in
626 2904 653 2938 re
662 2883 775 2954 prasenti
786 2881 818 2933 est
832 2916 839 2941 ,
856 2884 881 2935 δι

186 2968 235 3021 und
243 2967 312 3020 idem
322 2983 368 3035 pro
381 2966 471 3018 eodem
481 2965 606 3032 stipulatur
617 2995 626 3019 ,
637 2974 711 3082 qumii
722 2956 777 3041 quis
788 2957 833 3009 tibi
844 2956 884 3009 ssi-

726 3046 752 3099 Vl
