<?xml version="1.0" encoding="UTF-8"?>
<!DOCTYPE html PUBLIC "-//W3C//DTD XHTML 1.0 Transitional//EN"
    "http://www.w3.org/TR/xhtml1/DTD/xhtml1-transitional.dtd">
<html xmlns="http://www.w3.org/1999/xhtml" xml:lang="en" lang="en">
 <head>
  <title>
</title>
<meta http-equiv="Content-Type" content="text/html;charset=utf-8" />
  <meta name='ocr-system' content='tesseract 3.04.00' />
  <meta name='ocr-capabilities' content='ocr_page ocr_carea ocr_par ocr_line ocrx_word'/>
</head>
<body>
  <div class='ocr_page' id='page_1' title='image "./mtulliiciceroni02lallgoog/mtulliiciceroni02lallgoog_0261.png"; bbox 0 0 2125 3784; ppageno 0'>
   <div class='ocr_carea' id='block_1_1' title="bbox 270 395 872 501">
    <p class='ocr_par' dir='ltr' id='par_1_1' title="bbox 270 395 872 501">
     <span class='ocr_line' id='line_1_1' title="bbox 270 395 872 501; baseline 0.018 -36"><span class='ocrx_word' id='word_1_1' title='bbox 270 412 334 465; x_wconf 80' lang='lat' dir='ltr'><strong>AD</strong></span> <span class='ocrx_word' id='word_1_2' title='bbox 350 395 558 465; x_wconf 77' lang='lat' dir='ltr'><strong>Arrrcmr</strong></span> <span class='ocrx_word' id='word_1_3' title='bbox 572 398 658 469; x_wconf 80' lang='lat' dir='ltr'><strong>err.</strong></span> <span class='ocrx_word' id='word_1_4' title='bbox 672 400 778 473; x_wconf 88' lang='lat' dir='ltr'><em>XVI.</em></span> <span class='ocrx_word' id='word_1_5' title='bbox 807 424 872 501; x_wconf 85' lang='lat'><strong>²5¹</strong></span> 
     </span>
    </p>
   </div>
   <div class='ocr_carea' id='block_1_2' title="bbox 182 515 877 757">
    <p class='ocr_par' dir='ltr' id='par_1_2' title="bbox 182 515 877 757">
     <span class='ocr_line' id='line_1_2' title="bbox 182 515 877 599; baseline 0.004 -22"><span class='ocrx_word' id='word_1_6' title='bbox 182 528 283 586; x_wconf 83' lang='lat' dir='ltr'><strong>terae,</strong></span> <span class='ocrx_word' id='word_1_7' title='bbox 305 529 338 573; x_wconf 94' lang='lat' dir='ltr'><strong>ut</strong></span> <span class='ocrx_word' id='word_1_8' title='bbox 357 516 508 594; x_wconf 81' lang='lat' dir='ltr'>negotium</span> <span class='ocrx_word' id='word_1_9' title='bbox 527 515 697 597; x_wconf 86' lang='lat' dir='ltr'>susciperem</span> <span class='ocrx_word' id='word_1_10' title='bbox 714 560 724 591; x_wconf 83' lang='lat'><strong>,</strong></span> <span class='ocrx_word' id='word_1_11' title='bbox 741 516 877 599; x_wconf 86' lang='lat' dir='ltr'>Capuam</span> 
     </span>
     <span class='ocr_line' id='line_1_3' title="bbox 183 596 875 680; baseline 0.01 -23"><span class='ocrx_word' id='word_1_12' title='bbox 183 598 341 668; x_wconf 57' lang='lat' dir='ltr'><strong>etnirem,</strong></span> <span class='ocrx_word' id='word_1_13' title='bbox 357 596 461 656; x_wconf 87' lang='lat' dir='ltr'><strong>iterum</strong></span> <span class='ocrx_word' id='word_1_14' title='bbox 480 601 689 680; x_wconf 80' lang='lat' dir='ltr'><strong>rempublicam</strong></span> <span class='ocrx_word' id='word_1_15' title='bbox 708 598 875 677; x_wconf 87' lang='lat' dir='ltr'><strong>servarem;</strong></span> 
     </span>
     <span class='ocr_line' id='line_1_4' title="bbox 183 675 561 757; baseline 0.013 -20"><span class='ocrx_word' id='word_1_16' title='bbox 183 675 318 739; x_wconf 87' lang='lat' dir='ltr'><strong>Romam</strong></span> <span class='ocrx_word' id='word_1_17' title='bbox 338 678 436 757; x_wconf 91' lang='lat' dir='ltr'><strong>utique</strong></span> <span class='ocrx_word' id='word_1_18' title='bbox 456 676 561 743; x_wconf 87' lang='lat' dir='ltr'><strong>statim.</strong></span> 
     </span>
    </p>
   </div>
   <div class='ocr_carea' id='block_1_3' title="bbox 205 792 878 877">
    <p class='ocr_par' dir='ltr' id='par_1_3' title="bbox 205 792 878 877">
     <span class='ocr_line' id='line_1_5' title="bbox 205 792 878 877; baseline 0 -19"><span class='ocrx_word' id='word_1_19' title='bbox 205 796 333 861; x_wconf 55' lang='lat' dir='ltr'><strong>adrian</strong></span> <span class='ocrx_word' id='word_1_20' title='bbox 343 792 539 872; x_wconf 60' lang='lat' dir='ltr'><strong>privativarum</strong></span> <span class='ocrx_word' id='word_1_21' title='bbox 550 843 557 869; x_wconf 88' lang='lat'><strong>,</strong></span> <span class='ocrx_word' id='word_1_22' title='bbox 569 797 658 861; x_wconf 70' lang='lat' dir='ltr'><strong>scieas</strong></span> <span class='ocrx_word' id='word_1_23' title='bbox 668 805 702 877; x_wconf 57' lang='grc' dir='ltr'><strong>οῗ</strong></span> <span class='ocrx_word' id='word_1_24' title='bbox 715 797 878 876; x_wconf 63' lang='grc' dir='ltr'><strong>ὅποὶέχθαι.</strong></span> 
     </span>
    </p>
   </div>
   <div class='ocr_carea' id='block_1_4' title="bbox 180 914 911 3029">
    <p class='ocr_par' dir='ltr' id='par_1_4' title="bbox 184 914 881 2214">
     <span class='ocr_line' id='line_1_6' title="bbox 184 914 876 1001; baseline -0.003 -22"><span class='ocrx_word' id='word_1_25' title='bbox 184 914 217 979; x_wconf 70' lang='lat' dir='ltr'><strong>Is</strong></span> <span class='ocrx_word' id='word_1_26' title='bbox 233 934 334 976; x_wconf 89' lang='lat' dir='ltr'><strong>tamen</strong></span> <span class='ocrx_word' id='word_1_27' title='bbox 349 916 410 996; x_wconf 83' lang='lat' dir='ltr'><strong>egit</strong></span> <span class='ocrx_word' id='word_1_28' title='bbox 431 914 497 977; x_wconf 76' lang='lat' dir='ltr'><strong>sane</strong></span> <span class='ocrx_word' id='word_1_29' title='bbox 514 914 648 994; x_wconf 70' lang='lat' dir='ltr'><strong>strenue,</strong></span> <span class='ocrx_word' id='word_1_30' title='bbox 670 919 702 977; x_wconf 90' lang='lat'>&amp;</span> <span class='ocrx_word' id='word_1_31' title='bbox 726 915 876 1001; x_wconf 79' lang='lat' dir='ltr'><strong>agit2Ro-</strong></span> 
     </span>
     <span class='ocr_line' id='line_1_7' title="bbox 185 994 875 1082; baseline 0 -23"><span class='ocrx_word' id='word_1_32' title='bbox 185 994 267 1059; x_wconf 80' lang='lat' dir='ltr'><strong>ariam</strong></span> <span class='ocrx_word' id='word_1_33' title='bbox 290 998 391 1057; x_wconf 88' lang='lat' dir='ltr'><strong>veniet</strong></span> <span class='ocrx_word' id='word_1_34' title='bbox 414 1018 481 1057; x_wconf 91' lang='lat' dir='ltr'><strong>cum</strong></span> <span class='ocrx_word' id='word_1_35' title='bbox 505 1019 593 1057; x_wconf 89' lang='lat' dir='ltr'><strong>manu</strong></span> <span class='ocrx_word' id='word_1_36' title='bbox 617 1020 747 1082; x_wconf 81' lang='lat' dir='ltr'><strong>magna:</strong></span> <span class='ocrx_word' id='word_1_37' title='bbox 769 998 818 1060; x_wconf 89' lang='lat' dir='ltr'><strong>sed</strong></span> <span class='ocrx_word' id='word_1_38' title='bbox 834 997 875 1059; x_wconf 90' lang='lat' dir='ltr'><strong>est</strong></span> 
     </span>
     <span class='ocr_line' id='line_1_8' title="bbox 185 1077 876 1201; baseline 0.004 -63"><span class='ocrx_word' id='word_1_39' title='bbox 185 1079 276 1161; x_wconf 68' lang='lat' dir='ltr'><strong>plane</strong></span> <span class='ocrx_word' id='word_1_40' title='bbox 305 1096 387 1201; x_wconf 86' lang='lat' dir='ltr'><strong>puer.</strong></span> <span class='ocrx_word' id='word_1_41' title='bbox 409 1077 493 1139; x_wconf 86' lang='lat' dir='ltr'>Putat</span> <span class='ocrx_word' id='word_1_42' title='bbox 520 1079 649 1142; x_wconf 90' lang='lat' dir='ltr'><strong>senatum</strong></span> <span class='ocrx_word' id='word_1_43' title='bbox 672 1080 775 1142; x_wconf 83' lang='lat' dir='ltr'><strong>statim.</strong></span> <span class='ocrx_word' id='word_1_44' title='bbox 799 1079 876 1159; x_wconf 87' lang='lat' dir='ltr'><strong>Quis</strong></span> 
     </span>
     <span class='ocr_line' id='line_1_9' title="bbox 185 1160 877 1235; baseline -0.003 -13"><span class='ocrx_word' id='word_1_45' title='bbox 185 1162 312 1223; x_wconf 76' lang='lat' dir='ltr'><strong>veniet.</strong></span> <span class='ocrx_word' id='word_1_46' title='bbox 340 1160 365 1218; x_wconf 87' lang='lat' dir='ltr'><strong>si</strong></span> <span class='ocrx_word' id='word_1_47' title='bbox 386 1163 529 1235; x_wconf 88' lang='lat' dir='ltr'><strong>venerit,</strong></span> <span class='ocrx_word' id='word_1_48' title='bbox 580 1164 623 1221; x_wconf 92' lang='lat' dir='ltr'><strong>uis</strong></span> <span class='ocrx_word' id='word_1_49' title='bbox 652 1164 768 1224; x_wconf 90' lang='lat' dir='ltr'><strong>incertis</strong></span> <span class='ocrx_word' id='word_1_50' title='bbox 792 1162 877 1221; x_wconf 88' lang='lat' dir='ltr'><strong>rebus</strong></span> 
     </span>
     <span class='ocr_line' id='line_1_10' title="bbox 190 1238 878 1306; baseline 0.003 -5"><span class='ocrx_word' id='word_1_51' title='bbox 190 1238 324 1301; x_wconf 82' lang='lat' dir='ltr'><strong>offendet</strong></span> <span class='ocrx_word' id='word_1_52' title='bbox 350 1238 545 1302; x_wconf 83' lang='lat' dir='ltr'><strong>Antonium?</strong></span> <span class='ocrx_word' id='word_1_53' title='bbox 603 1244 700 1306; x_wconf 88' lang='lat' dir='ltr'><strong>alend.</strong></span> <span class='ocrx_word' id='word_1_54' title='bbox 730 1243 795 1304; x_wconf 90' lang='lat' dir='ltr'><strong>Jan.</strong></span> <span class='ocrx_word' id='word_1_55' title='bbox 823 1244 878 1303; x_wconf 87' lang='lat' dir='ltr'><strong>erit</strong></span> 
     </span>
     <span class='ocr_line' id='line_1_11' title="bbox 189 1319 880 1403; baseline 0 -21"><span class='ocrx_word' id='word_1_56' title='bbox 189 1319 305 1382; x_wconf 83' lang='lat' dir='ltr'><strong>sortasl&#39;e</strong></span> <span class='ocrx_word' id='word_1_57' title='bbox 324 1322 478 1402; x_wconf 84' lang='lat' dir='ltr'><strong>praesidi03</strong></span> <span class='ocrx_word' id='word_1_58' title='bbox 496 1328 548 1383; x_wconf 74' lang='lat' dir='ltr'><strong>aut&#39;</strong></span> <span class='ocrx_word' id='word_1_59' title='bbox 562 1325 680 1403; x_wconf 91' lang='lat' dir='ltr'><strong>quidem</strong></span> <span class='ocrx_word' id='word_1_60' title='bbox 701 1324 767 1385; x_wconf 75' lang='lat' dir='ltr'><strong>ante</strong></span> <span class='ocrx_word' id='word_1_61' title='bbox 782 1323 880 1403; x_wconf 91' lang='lat' dir='ltr'><strong>depu-</strong></span> 
     </span>
     <span class='ocr_line' id='line_1_12' title="bbox 187 1400 875 1485; baseline 0.01 -25"><span class='ocrx_word' id='word_1_62' title='bbox 187 1403 334 1485; x_wconf 83' lang='lat' dir='ltr'><strong>gnabinrr.</strong></span> <span class='ocrx_word' id='word_1_63' title='bbox 355 1400 450 1464; x_wconf 90' lang='lat' dir='ltr'><strong>Puero</strong></span> <span class='ocrx_word' id='word_1_64' title='bbox 479 1405 634 1485; x_wconf 86' lang='lat' dir='ltr'><strong>municipia</strong></span> <span class='ocrx_word' id='word_1_65' title='bbox 659 1407 731 1467; x_wconf 70' lang='lat' dir='ltr'><strong>mite</strong></span> <span class='ocrx_word' id='word_1_66' title='bbox 752 1403 875 1467; x_wconf 87' lang='lat' dir='ltr'><strong>favent:</strong></span> 
     </span>
     <span class='ocr_line' id='line_1_13' title="bbox 186 1481 876 1561; baseline 0.001 -16"><span class='ocrx_word' id='word_1_67' title='bbox 186 1486 246 1545; x_wconf 85' lang='lat' dir='ltr'><strong>iter</strong></span> <span class='ocrx_word' id='word_1_68' title='bbox 255 1486 336 1545; x_wconf 91' lang='lat' dir='ltr'><strong>enim</strong></span> <span class='ocrx_word' id='word_1_69' title='bbox 351 1481 460 1546; x_wconf 87' lang='lat' dir='ltr'><strong>faciens</strong></span> <span class='ocrx_word' id='word_1_70' title='bbox 469 1486 499 1543; x_wconf 91' lang='lat' dir='ltr'><strong>in</strong></span> <span class='ocrx_word' id='word_1_71' title='bbox 514 1483 662 1547; x_wconf 88' lang='lat' dir='ltr'><strong>Samnium</strong></span> <span class='ocrx_word' id='word_1_72' title='bbox 674 1488 755 1549; x_wconf 87' lang='lat' dir='ltr'><strong>venit</strong></span> <span class='ocrx_word' id='word_1_73' title='bbox 765 1484 876 1561; x_wconf 88' lang='lat' dir='ltr'><strong>Cales,</strong></span> 
     </span>
     <span class='ocr_line' id='line_1_14' title="bbox 186 1563 878 1640; baseline 0.003 -15"><span class='ocrx_word' id='word_1_74' title='bbox 186 1566 298 1625; x_wconf 85' lang='lat' dir='ltr'><strong>mansit</strong></span> <span class='ocrx_word' id='word_1_75' title='bbox 305 1563 420 1624; x_wconf 88' lang='lat' dir='ltr'><strong>Theani</strong></span> <span class='ocrx_word' id='word_1_76' title='bbox 434 1587 442 1626; x_wconf 92' lang='lat'>:</span> <span class='ocrx_word' id='word_1_77' title='bbox 461 1563 582 1626; x_wconf 83' lang='lat' dir='ltr'><strong>mirifica</strong></span> <span class='ocrx_word' id='word_1_78' title='bbox 594 1572 735 1635; x_wconf 67' lang='grc' dir='ltr'><strong>ἀπάντησις</strong></span> <span class='ocrx_word' id='word_1_79' title='bbox 749 1612 758 1640; x_wconf 85' lang='grc'>,</span> <span class='ocrx_word' id='word_1_80' title='bbox 778 1568 809 1627; x_wconf 87' lang='lat'><strong>&amp;</strong></span> <span class='ocrx_word' id='word_1_81' title='bbox 826 1588 878 1627; x_wconf 91' lang='lat' dir='ltr'><strong>co·</strong></span> 
     </span>
     <span class='ocr_line' id='line_1_15' title="bbox 186 1644 877 1728; baseline -0.001 -20"><span class='ocrx_word' id='word_1_82' title='bbox 186 1645 328 1708; x_wconf 81' lang='lat' dir='ltr'><strong>hortatio.</strong></span> <span class='ocrx_word' id='word_1_83' title='bbox 351 1644 418 1708; x_wconf 89' lang='lat' dir='ltr'><strong>Hoc</strong></span> <span class='ocrx_word' id='word_1_84' title='bbox 441 1664 472 1707; x_wconf 92' lang='lat' dir='ltr'><strong>tu</strong></span> <span class='ocrx_word' id='word_1_85' title='bbox 498 1646 639 1727; x_wconf 80' lang='lat' dir='ltr'><strong>putares?</strong></span> <span class='ocrx_word' id='word_1_86' title='bbox 666 1645 719 1706; x_wconf 88' lang='lat' dir='ltr'><strong>Ob</strong></span> <span class='ocrx_word' id='word_1_87' title='bbox 743 1648 800 1707; x_wconf 94' lang='lat' dir='ltr'><strong>hoc</strong></span> <span class='ocrx_word' id='word_1_88' title='bbox 819 1667 877 1728; x_wconf 86' lang='lat' dir='ltr'><strong>ego</strong></span> 
     </span>
     <span class='ocr_line' id='line_1_16' title="bbox 187 1724 879 1808; baseline 0 -21"><span class='ocrx_word' id='word_1_89' title='bbox 187 1729 277 1789; x_wconf 83' lang='lat' dir='ltr'><strong>citilrs</strong></span> <span class='ocrx_word' id='word_1_90' title='bbox 291 1724 438 1804; x_wconf 85' lang='lat' dir='ltr'><strong>Romam,</strong></span> <span class='ocrx_word' id='word_1_91' title='bbox 458 1729 547 1808; x_wconf 73' lang='lat' dir='ltr'><strong>quam</strong></span> <span class='ocrx_word' id='word_1_92' title='bbox 558 1725 760 1787; x_wconf 89' lang='lat' dir='ltr'><strong>constitueram</strong></span> <span class='ocrx_word' id='word_1_93' title='bbox 775 1727 879 1799; x_wconf 73' lang='lat' dir='ltr'><strong>:simul</strong></span> 
     </span>
     <span class='ocr_line' id='line_1_17' title="bbox 188 1805 880 1883; baseline -0.006 -14"><span class='ocrx_word' id='word_1_94' title='bbox 188 1830 226 1869; x_wconf 87' lang='lat' dir='ltr'><strong>ac</strong></span> <span class='ocrx_word' id='word_1_95' title='bbox 243 1807 416 1870; x_wconf 80' lang='lat' dir='ltr'><strong>constituero</strong></span> <span class='ocrx_word' id='word_1_96' title='bbox 435 1855 444 1883; x_wconf 86' lang='lat'><strong>,</strong></span> <span class='ocrx_word' id='word_1_97' title='bbox 468 1808 599 1869; x_wconf 87' lang='lat' dir='ltr'><strong>scribam.</strong></span> <span class='ocrx_word' id='word_1_98' title='bbox 611 1806 672 1869; x_wconf 85' lang='lat' dir='ltr'><strong>Etsi</strong></span> <span class='ocrx_word' id='word_1_99' title='bbox 685 1807 818 1869; x_wconf 92' lang='lat' dir='ltr'><strong>nondum</strong></span> <span class='ocrx_word' id='word_1_100' title='bbox 830 1805 880 1866; x_wconf 89' lang='lat' dir='ltr'><strong>sli-</strong></span> 
     </span>
     <span class='ocr_line' id='line_1_18' title="bbox 187 1887 880 1973; baseline -0.004 -22"><span class='ocrx_word' id='word_1_101' title='bbox 187 1892 354 1973; x_wconf 85' lang='lat' dir='ltr'><strong>pulationes</strong></span> <span class='ocrx_word' id='word_1_102' title='bbox 373 1890 501 1973; x_wconf 85' lang='lat' dir='ltr'><strong>legeram</strong></span> <span class='ocrx_word' id='word_1_103' title='bbox 520 1896 534 1966; x_wconf 88' lang='lat'>(</span> <span class='ocrx_word' id='word_1_104' title='bbox 553 1910 609 1950; x_wconf 89' lang='lat' dir='ltr'><strong>nec</strong></span> <span class='ocrx_word' id='word_1_105' title='bbox 630 1891 710 1949; x_wconf 90' lang='lat' dir='ltr'><strong>enim</strong></span> <span class='ocrx_word' id='word_1_106' title='bbox 729 1887 802 1949; x_wconf 89' lang='lat' dir='ltr'><strong>Eros</strong></span> <span class='ocrx_word' id='word_1_107' title='bbox 822 1907 880 1950; x_wconf 88' lang='lat' dir='ltr'><strong>ve-</strong></span> 
     </span>
     <span class='ocr_line' id='line_1_19' title="bbox 188 1969 880 2054; baseline -0.004 -21"><span class='ocrx_word' id='word_1_108' title='bbox 188 1970 297 2054; x_wconf 87' lang='lat' dir='ltr'><strong>nerat)</strong></span> <span class='ocrx_word' id='word_1_109' title='bbox 317 1988 415 2032; x_wconf 89' lang='lat' dir='ltr'><strong>tamen</strong></span> <span class='ocrx_word' id='word_1_110' title='bbox 426 1993 490 2033; x_wconf 93' lang='lat' dir='ltr'><strong>rem</strong></span> <span class='ocrx_word' id='word_1_111' title='bbox 507 1972 600 2052; x_wconf 88' lang='lat' dir='ltr'>pridie</span> <span class='ocrx_word' id='word_1_112' title='bbox 617 1969 686 2030; x_wconf 89' lang='lat' dir='ltr'><strong>Idus</strong></span> <span class='ocrx_word' id='word_1_113' title='bbox 705 1971 796 2033; x_wconf 89' lang='lat' dir='ltr'><strong>velim</strong></span> <span class='ocrx_word' id='word_1_114' title='bbox 806 1991 880 2030; x_wconf 91' lang='lat' dir='ltr'><strong>con·</strong></span> 
     </span>
     <span class='ocr_line' id='line_1_20' title="bbox 189 2050 880 2133; baseline -0.001 -20"><span class='ocrx_word' id='word_1_115' title='bbox 189 2050 283 2114; x_wconf 80' lang='lat' dir='ltr'><strong>licias.</strong></span> <span class='ocrx_word' id='word_1_116' title='bbox 298 2050 436 2133; x_wconf 87' lang='lat' dir='ltr'><strong>Epistolas</strong></span> <span class='ocrx_word' id='word_1_117' title='bbox 455 2051 609 2128; x_wconf 88' lang='lat' dir='ltr'><strong>Catinam,</strong></span> <span class='ocrx_word' id='word_1_118' title='bbox 626 2050 880 2129; x_wconf 86' lang='lat' dir='ltr'><strong>Tauromenium,</strong></span> 
     </span>
     <span class='ocr_line' id='line_1_21' title="bbox 187 2132 881 2214; baseline 0 -19"><span class='ocrx_word' id='word_1_119' title='bbox 187 2132 211 2195; x_wconf 86' lang='lat' dir='ltr'><strong>S</strong></span> <span class='ocrx_word' id='word_1_120' title='bbox 237 2132 346 2195; x_wconf 88' lang='lat' dir='ltr'><strong>racusas</strong></span> <span class='ocrx_word' id='word_1_121' title='bbox 369 2135 554 2195; x_wconf 72' lang='lat' dir='ltr'><strong>commodius</strong></span> <span class='ocrx_word' id='word_1_122' title='bbox 575 2137 689 2194; x_wconf 88' lang='lat' dir='ltr'><strong>mittere</strong></span> <span class='ocrx_word' id='word_1_123' title='bbox 709 2151 836 2214; x_wconf 90' lang='lat' dir='ltr'><strong>potero,</strong></span> <span class='ocrx_word' id='word_1_124' title='bbox 855 2137 881 2195; x_wconf 91' lang='lat' dir='ltr'><strong>si</strong></span> 
     </span>
    </p>

    <p class='ocr_par' dir='ltr' id='par_1_5' title="bbox 180 2215 911 3029">
     <span class='ocr_line' id='line_1_22' title="bbox 223 2215 879 2297; baseline 0.003 -23"><span class='ocrx_word' id='word_1_125' title='bbox 223 2216 327 2277; x_wconf 86' lang='lat' dir='ltr'><strong>alerius</strong></span> <span class='ocrx_word' id='word_1_126' title='bbox 346 2217 488 2296; x_wconf 88' lang='lat' dir='ltr'><strong>interpres</strong></span> <span class='ocrx_word' id='word_1_127' title='bbox 508 2215 545 2274; x_wconf 93' lang='lat' dir='ltr'><strong>ad</strong></span> <span class='ocrx_word' id='word_1_128' title='bbox 562 2235 610 2275; x_wconf 91' lang='lat' dir='ltr'><strong>me</strong></span> <span class='ocrx_word' id='word_1_129' title='bbox 627 2216 749 2293; x_wconf 83' lang='lat' dir='ltr'><strong>nomina</strong></span> <span class='ocrx_word' id='word_1_130' title='bbox 768 2218 879 2297; x_wconf 81' lang='lat' dir='ltr'><strong>gratio·</strong></span> 
     </span>
     <span class='ocr_line' id='line_1_23' title="bbox 187 2295 881 2377; baseline -0.001 -18"><span class='ocrx_word' id='word_1_131' title='bbox 187 2296 290 2359; x_wconf 88' lang='lat' dir='ltr'><strong>sorum</strong></span> <span class='ocrx_word' id='word_1_132' title='bbox 305 2295 444 2377; x_wconf 85' lang='lat' dir='ltr'><strong>scripserit</strong></span> <span class='ocrx_word' id='word_1_133' title='bbox 455 2317 462 2355; x_wconf 82' lang='lat' dir='ltr'><strong>t</strong></span> <span class='ocrx_word' id='word_1_134' title='bbox 473 2296 520 2356; x_wconf 85' lang='lat' dir='ltr'><strong>alii</strong></span> <span class='ocrx_word' id='word_1_135' title='bbox 530 2299 609 2357; x_wconf 89' lang='lat' dir='ltr'><strong>enim</strong></span> <span class='ocrx_word' id='word_1_136' title='bbox 626 2295 690 2356; x_wconf 89' lang='lat' dir='ltr'><strong>sunt</strong></span> <span class='ocrx_word' id='word_1_137' title='bbox 702 2296 770 2356; x_wconf 73' lang='lat' dir='ltr'><strong>aliis</strong></span> <span class='ocrx_word' id='word_1_138' title='bbox 784 2342 794 2371; x_wconf 96' lang='lat'><strong>,</strong></span> <span class='ocrx_word' id='word_1_139' title='bbox 810 2295 881 2358; x_wconf 92' lang='lat' dir='ltr'><strong>nos·</strong></span> 
     </span>
     <span class='ocr_line' id='line_1_24' title="bbox 188 2376 880 2461; baseline -0.003 -21"><span class='ocrx_word' id='word_1_140' title='bbox 188 2380 288 2461; x_wconf 70' lang='lat' dir='ltr'><strong>atique</strong></span> <span class='ocrx_word' id='word_1_141' title='bbox 309 2376 462 2438; x_wconf 84' lang='lat' dir='ltr'><strong>familiares</strong></span> <span class='ocrx_word' id='word_1_142' title='bbox 485 2376 548 2437; x_wconf 74' lang='lat' dir='ltr'><strong>fere</strong></span> <span class='ocrx_word' id='word_1_143' title='bbox 569 2376 742 2436; x_wconf 88' lang='lat' dir='ltr'><strong>demortui:</strong></span> <span class='ocrx_word' id='word_1_144' title='bbox 763 2378 880 2456; x_wconf 65' lang='lat' dir='ltr'><strong>publici</strong></span> 
     </span>
     <span class='ocr_line' id='line_1_25' title="bbox 180 2455 881 2540; baseline -0.003 -20"><span class='ocrx_word' id='word_1_145' title='bbox 180 2477 292 2531; x_wconf 67' lang='lat' dir='ltr'><strong>,umen</strong></span> <span class='ocrx_word' id='word_1_146' title='bbox 310 2458 433 2540; x_wconf 90' lang='lat' dir='ltr'><strong>scripsi,</strong></span> <span class='ocrx_word' id='word_1_147' title='bbox 454 2460 478 2518; x_wconf 89' lang='lat' dir='ltr'><strong>si</strong></span> <span class='ocrx_word' id='word_1_148' title='bbox 497 2461 540 2517; x_wconf 90' lang='lat' dir='ltr'><strong>uti</strong></span> <span class='ocrx_word' id='word_1_149' title='bbox 557 2458 648 2518; x_wconf 84' lang='lat' dir='ltr'><strong>vellet</strong></span> <span class='ocrx_word' id='word_1_150' title='bbox 667 2459 709 2517; x_wconf 91' lang='lat' dir='ltr'><strong>eis</strong></span> <span class='ocrx_word' id='word_1_151' title='bbox 725 2455 881 2533; x_wconf 82' lang='lat' dir='ltr'><strong>Valerius3</strong></span> 
     </span>
     <span class='ocr_line' id='line_1_26' title="bbox 190 2536 881 2601; baseline -0.001 0"><span class='ocrx_word' id='word_1_152' title='bbox 190 2558 246 2601; x_wconf 79' lang='lat' dir='ltr'><strong>aut</strong></span> <span class='ocrx_word' id='word_1_153' title='bbox 262 2541 334 2600; x_wconf 88' lang='lat' dir='ltr'><strong>mihi</strong></span> <span class='ocrx_word' id='word_1_154' title='bbox 352 2543 472 2601; x_wconf 91' lang='lat' dir='ltr'><strong>nomina</strong></span> <span class='ocrx_word' id='word_1_155' title='bbox 486 2542 626 2599; x_wconf 87' lang='lat' dir='ltr'><strong>mitteret.</strong></span> <span class='ocrx_word' id='word_1_156' title='bbox 645 2537 695 2600; x_wconf 91' lang='lat' dir='ltr'><strong>De</strong></span> <span class='ocrx_word' id='word_1_157' title='bbox 715 2536 756 2600; x_wconf 87' lang='lat' dir='ltr'><strong>Le</strong></span> <span class='ocrx_word' id='word_1_158' title='bbox 779 2540 881 2601; x_wconf 86' lang='lat' dir='ltr'><strong>idianis</strong></span> 
     </span>
     <span class='ocr_line' id='line_1_27' title="bbox 188 2560 881 2701; baseline -0.003 -18"><span class='ocrx_word' id='word_1_159' title='bbox 188 2620 272 2683; x_wconf 86' lang='lat' dir='ltr'><strong>seriis</strong></span> <span class='ocrx_word' id='word_1_160' title='bbox 289 2620 397 2683; x_wconf 86' lang='lat' dir='ltr'><strong>Balbus</strong></span> <span class='ocrx_word' id='word_1_161' title='bbox 416 2620 454 2682; x_wconf 89' lang='lat' dir='ltr'><strong>ad</strong></span> <span class='ocrx_word' id='word_1_162' title='bbox 475 2641 524 2681; x_wconf 91' lang='lat' dir='ltr'><strong>me</strong></span> <span class='ocrx_word' id='word_1_163' title='bbox 538 2619 625 2701; x_wconf 88' lang='lat' dir='ltr'><strong>usque</strong></span> <span class='ocrx_word' id='word_1_164' title='bbox 643 2619 680 2680; x_wconf 90' lang='lat' dir='ltr'><strong>ad</strong></span> <span class='ocrx_word' id='word_1_165' title='bbox 695 2638 737 2681; x_wconf 85' lang='lat'><strong>111</strong></span> <span class='ocrx_word' id='word_1_166' title='bbox 755 2560 881 2681; x_wconf 70' lang='lat' dir='ltr'><strong>lialend.</strong></span> 
     </span>
     <span class='ocr_line' id='line_1_28' title="bbox 187 2700 884 2784; baseline -0.007 -21"><span class='ocrx_word' id='word_1_167' title='bbox 187 2701 374 2784; x_wconf 69' lang='lat' dir='ltr'><strong>Exspesiabo</strong></span> <span class='ocrx_word' id='word_1_168' title='bbox 392 2720 455 2763; x_wconf 89' lang='lat' dir='ltr'><strong>tuas</strong></span> <span class='ocrx_word' id='word_1_169' title='bbox 468 2702 576 2763; x_wconf 87' lang='lat' dir='ltr'><strong>litteras</strong></span> <span class='ocrx_word' id='word_1_170' title='bbox 595 2724 602 2762; x_wconf 72' lang='grc' dir='ltr'><strong>ε</strong></span> <span class='ocrx_word' id='word_1_171' title='bbox 623 2701 717 2783; x_wconf 89' lang='lat' dir='ltr'><strong>deque</strong></span> <span class='ocrx_word' id='word_1_172' title='bbox 737 2700 884 2783; x_wconf 86' lang='lat' dir='ltr'><strong>Torquati</strong></span> 
     </span>
     <span class='ocr_line' id='line_1_29' title="bbox 180 2782 883 2867; baseline -0.006 -24"><span class='ocrx_word' id='word_1_173' title='bbox 180 2786 347 2867; x_wconf 84' lang='lat' dir='ltr'><strong>&#39;negotiolo</strong></span> <span class='ocrx_word' id='word_1_174' title='bbox 371 2784 508 2844; x_wconf 90' lang='lat' dir='ltr'><strong>sciturum</strong></span> <span class='ocrx_word' id='word_1_175' title='bbox 533 2800 618 2865; x_wconf 87' lang='lat' dir='ltr'><strong>puto.</strong></span> <span class='ocrx_word' id='word_1_176' title='bbox 646 2782 754 2863; x_wconf 86' lang='lat' dir='ltr'><strong>Quinti</strong></span> <span class='ocrx_word' id='word_1_177' title='bbox 773 2784 883 2844; x_wconf 89' lang='lat' dir='ltr'><strong>litteras</strong></span> 
     </span>
     <span class='ocr_line' id='line_1_30' title="bbox 190 2862 911 2946; baseline -0.004 -23"><span class='ocrx_word' id='word_1_178' title='bbox 190 2866 232 2925; x_wconf 89' lang='lat' dir='ltr'><strong>ad</strong></span> <span class='ocrx_word' id='word_1_179' title='bbox 250 2883 280 2928; x_wconf 89' lang='lat' dir='ltr'><strong>te</strong></span> <span class='ocrx_word' id='word_1_180' title='bbox 302 2866 397 2939; x_wconf 89' lang='lat' dir='ltr'><strong>misi,</strong></span> <span class='ocrx_word' id='word_1_181' title='bbox 424 2884 456 2927; x_wconf 93' lang='lat' dir='ltr'><strong>ut</strong></span> <span class='ocrx_word' id='word_1_182' title='bbox 477 2864 562 2931; x_wconf 84' lang='lat' dir='ltr'><strong>scires</strong></span> <span class='ocrx_word' id='word_1_183' title='bbox 592 2864 680 2946; x_wconf 73' lang='lat' dir='ltr'><strong>quarn</strong></span> <span class='ocrx_word' id='word_1_184' title='bbox 708 2862 795 2926; x_wconf 75' lang='lat' dir='ltr'><strong>valde</strong></span> <span class='ocrx_word' id='word_1_185' title='bbox 816 2880 911 2943; x_wconf 19' lang='lat' dir='ltr'><strong>eumd</strong></span> 
     </span>
     <span class='ocr_line' id='line_1_31' title="bbox 192 2943 887 3029; baseline -0.01 -20"><span class='ocrx_word' id='word_1_186' title='bbox 192 2964 333 3023; x_wconf 82' lang='lat' dir='ltr'><strong>amaret,</strong></span> <span class='ocrx_word' id='word_1_187' title='bbox 363 2966 452 3029; x_wconf 90' lang='lat' dir='ltr'><strong>quem</strong></span> <span class='ocrx_word' id='word_1_188' title='bbox 473 2946 555 3009; x_wconf 89' lang='lat' dir='ltr'><strong>dolet</strong></span> <span class='ocrx_word' id='word_1_189' title='bbox 577 2967 594 3006; x_wconf 90' lang='lat' dir='ltr'><strong>a</strong></span> <span class='ocrx_word' id='word_1_190' title='bbox 614 2965 642 3007; x_wconf 89' lang='lat' dir='ltr'><strong>te</strong></span> <span class='ocrx_word' id='word_1_191' title='bbox 670 2946 765 3006; x_wconf 79' lang='lat' dir='ltr'><strong>minus</strong></span> <span class='ocrx_word' id='word_1_192' title='bbox 787 2943 887 3003; x_wconf 86' lang='lat' dir='ltr'><strong>amari.</strong></span> 
     </span>
    </p>
   </div>
   <div class='ocr_carea' id='block_1_5' title="bbox 685 3020 762 3105">
    <p class='ocr_par' dir='ltr' id='par_1_6' title="bbox 685 3020 762 3105">
     <span class='ocr_line' id='line_1_32' title="bbox 685 3020 762 3105; baseline 0 -19"><span class='ocrx_word' id='word_1_193' title='bbox 685 3020 762 3105; x_wconf 87' lang='lat' dir='ltr'>ij</span> 
     </span>
    </p>
   </div>
   <div class='ocr_carea' id='block_1_6' title="bbox 0 0 1074 3784">
    <p class='ocr_par' dir='ltr' id='par_1_7' title="bbox 0 0 1074 3784">
     <span class='ocr_line' id='line_1_33' title="bbox 0 0 1074 3784; baseline 0 0"><span class='ocrx_word' id='word_1_194' title='bbox 0 0 1074 3784; x_wconf 95' lang='lat' dir='ltr'><strong> </strong></span> 
     </span>
    </p>
   </div>
  </div>
 </body>
</html>
