2125 3784
244 420 322 493 ‚250
428 394 736 463 Errororu

247 514 300 575 tibi
310 507 441 593 prodesse
456 509 549 569 laetor.
558 507 703 588 Anagnini
718 505 801 580 suut,
813 504 935 569 Mustel-

248 595 277 655 la
294 595 458 668 ratramne,
477 591 510 651 &
525 589 627 661 Laco,
646 589 696 670 qui
711 588 870 671 plurimum
887 589 935 649 bi·

249 677 302 735 bit.
314 671 454 744 Librum,
472 690 561 751 quem
571 690 679 751 rogas,
695 670 886 750 perpoliam,
905 670 936 730 δι

248 758 372 817 mittam.
392 751 464 811 Haec
481 752 517 811 ad
539 749 741 832 posteriorem.
759 752 802 814 Tlr
822 757 885 831 περὶ
904 754 937 814 ri'

249 834 446 906 saliuam,
470 850 608 914 quatenus
631 830 805 906 Panaetius,
828 829 937 891 absolvi

250 915 366 976 duobus
384 932 392 970 ι
409 914 482 974 illius
499 932 556 974 tres
575 912 638 973 sunt
654 932 661 970 :
680 911 730 973 sed
747 932 840 995 quum
855 911 938 989 initio

254 993 392 1057 divisiffet
405 997 463 1068 ita,
477 999 531 1057 tria
547 1014 654 1077 genera
664 992 837 1075 exquirendi
851 990 938 1053 officii

252 1076 334 1151 elle3
355 1096 466 1151 unum,
486 1098 577 1158 quum
592 1075 787 1135 deliberemus
806 1119 815 1149 ,
833 1071 940 1134 hones·

251 1176 335 1234 tum,
354 1178 390 1217 an
404 1176 487 1238 turpe
499 1161 557 1232 sit;
571 1157 692 1217 alterum
707 1200 717 1228 ,
735 1155 808 1216 utile
828 1176 865 1214 an
875 1156 940 1214 inu·

252 1241 305 1303 tile
317 1259 327 1312 ;
343 1241 460 1299 tertium
477 1283 486 1311 ,
505 1260 593 1319 quum
604 1239 666 1298 haec
680 1239 754 1297 inter
766 1236 797 1297 se
809 1252 938 1318 pugnare

252 1322 422 1391 videantur,
433 1338 491 1398 quo
501 1320 594 1379 modo
604 1317 792 1395 judicandum
800 1319 838 1377 sit
850 1338 859 1376 ι
872 1326 940 1399 qua·

252 1402 287 1461 lis
307 1398 388 1458 causa
404 1398 510 1480 Reguli
524 1445 534 1472 ,
549 1400 642 1460 redire
652 1397 808 1459 honestum
818 1442 829 1472 ,
839 1416 939 1458 mane·

252 1500 284 1541 re
301 1480 389 1540 utile:
406 1478 443 1539 de
461 1479 576 1540 duobus
588 1483 687 1560 primis
702 1478 843 1561 praeclard
854 1474 941 1539 dille·

252 1563 309 1623 ruit
326 1579 336 1633 ;
355 1558 392 1620 de
405 1562 494 1621 tertio
509 1562 663 1642 pollicetur
677 1559 707 1622 se
723 1559 865 1641 deinceps
875 1578 883 1619 :
893 1557 941 1621 sed

150 1712 153 1721 Ι
225 1710 229 1715 ,
252 1641 324 1703 nihil
336 1640 388 1701 scri
410 1643 456 1702 sit.
468 1640 545 1702 Eum
562 1642 660 1703 locum
677 1641 867 1703 Possidonius
878 1660 942 1723 per·

254 1663 415 1785 secuml}
434 1746 453 1783 o
473 1741 571 1785 autem
590 1724 622 1784 &
643 1718 705 1800 ejus
721 1723 829 1785 librum
842 1742 941 1784 arces·

254 1809 331 1880 sivi,
350 1805 381 1864 &
396 1744 434 1864 ad
451 1804 673 1866 Athenodorum
686 1801 816 1867 Calvum
826 1804 942 1885 scripsi,

253 1906 286 1946 ut
305 1884 341 1945 ad
356 1906 403 1944 me
423 1886 458 1945 τὲ
479 1891 616 1959 κεφάλαια
635 1886 781 1961 mitteret;
801 1908 868 1969 quae
886 1905 941 1946 ex-

254 1966 367 2047 sperio:
385 1984 472 2044 quem
490 1966 580 2025 velim
601 1966 772 2042 cohortere,
794 1970 940 2050 &roges,

254 2064 286 2106 ut
309 2046 532 2128 quamprimum.
555 2045 589 2105 ln
616 2066 653 2107 eo
675 2046 716 2107 est
736 2047 796 2128 argi
820 2057 855 2111 τῦ
876 2047 941 2110 call·

252 2133 390 2204 περίεισιν
406 2129 582 2194 casiani&
602 2126 697 2206 Quod
719 2128 755 2188 de
773 2122 964 2208 inscriptio-³

252 2224 291 2265 ne
309 2206 412 2286 quaeris
427 2222 436 2275 ;
454 2226 514 2263 non
533 2206 634 2269 dubito
654 2213 722 2289 quin
738 2214 860 2275 radiant
877 2207 943 2290 offi-

254 2288 325 2347 cium
345 2287 403 2360 sir,
428 2286 483 2344 nisi
505 2288 575 2366 quid
595 2306 626 2348 tu
648 2290 746 2361 aliud3
765 2288 817 2348 sed
842 2287 942 2349 inscri-

153 2418 161 2435 .
253 2371 318 2449 prio
341 2368 453 2449 plenior
472 2412 481 2442 ,
503 2371 536 2426 de
554 2370 651 2452 officiis
664 2392 671 2429 :
682 2377 830 2449 vereduni
844 2388 942 2431 autem

254 2448 394 2510 Ciceroni
411 2447 472 2508 filio
486 2468 493 2506 :
509 2448 601 2510 visum
616 2450 656 2511 est
673 2472 733 2510 non
749 2456 879 2512 ἁκικεῖοι.
890 2449 942 2513 De

253 2529 410 2609 Myrtilo,
440 2530 575 2591 dilucide.
601 2531 632 2593 O
658 2532 748 2613 qualis
770 2544 802 2588 tu
828 2529 943 2592 semer

254 2608 321 2671 istos
340 2611 347 2669 1
371 2609 451 2668 Itane
467 2611 496 2668 in
510 2609 551 2670 D.
567 2611 707 2675 Brutum?
725 2609 778 2670 Dii
797 2608 865 2672 istis.
903 2634 942 2695 go

254 2712 330 2764 me,
350 2707 381 2750 ut
398 2688 580 2769 scripseram,
596 2696 626 2752 in
645 2693 858 2774 Pompeianum
879 2713 942 2753 non

253 2772 376 2847 abdidi,
395 2771 489 2849 primo
512 2788 572 2831 tem
595 2774 755 2847 euntibus,
780 2776 883 2852 quibus
898 2774 941 2834 nil

253 2857 353 2916 tetrius
365 2852 488 2914 :deinde
506 2852 542 2912 ab
597 2855 728 2918 {laviano
745 2856 877 2937 quotidie
893 2854 945 2938 Ιὶτ-Ι
972 2926 975 2932 ,
