2125 3784
245 415 310 477 'Au
329 407 528 476 Arrrcuiu
543 406 631 477 Lra.
644 406 728 477 XV.
772 430 837 504 197

101 510 106 522 ’
140 538 173 587 te
190 546 208 585 a
226 519 319 585 Bruto
337 521 433 582 scribis
449 564 460 595 ‚
476 538 508 583 ut
526 524 629 583 certior
642 520 726 583 fieret
744 568 754 598 ,
774 543 837 604 quo

141 606 190 669 die
207 607 238 665 in
257 592 457 664 Tusculanum
474 601 563 663 essem
578 622 736 678 venturus3
753 621 784 664 ut
797 604 835 664 ad

143 704 172 749 te
193 683 402 764 antescripsi,
421 700 458 744 Vl
477 682 544 744 Kal.
559 683 592 745 ὃ(
606 685 724 766 quidem
743 686 783 746 ibi
806 704 836 747 te

142 767 360 850 quamprimum
379 764 533 846 pervidere
549 766 640 827 velim
650 785 658 824 r
670 783 740 847 puto
755 769 836 827 enim

141 850 229 910 nobis
245 848 410 908 Lanuvium
427 845 577 919 eundum,
595 849 628 907 ὅ(
646 847 764 928 quidem
774 868 836 909 non

140 932 205 993 sine
228 929 325 989 multo
351 926 509 988 sermone:
532 925 582 987 sed
602 930 712 1009 praised.
730 927 837 991 Redeo

140 1010 179 1071 ad
193 1011 374 1090 superiorem
391 1028 398 1066 ε
418 1028 456 1069 ex
473 1029 530 1090 qua
550 1026 691 1089 praetereo
707 1009 756 1069 illa
775 1013 837 1089 pri·

140 1089 246 1152 made
264 1088 450 1163 Buthrotiis,
471 1110 536 1171 quae
557 1089 628 1148 mihi
649 1087 712 1148 sunt
729 1090 835 1151 inclusa

140 1170 298 1245 medullis;
309 1172 345 1233 sit
354 1170 447 1231 modo
459 1213 469 1243 ,
480 1189 512 1231 ut
522 1167 621 1230 scribis
631 1213 641 1242 ‚
651 1168 734 1230 locus
748 1191 839 1253 agen·

144 1253 187 1311 di.
200 1248 252 1312 De
265 1254 395 1313 oratione
417 1250 498 1312 Bruti
522 1250 637 1332 prorsus
658 1254 837 1329 contendis,

143 1351 237 1415 quum
247 1334 349 1393 iterum
359 1351 420 1394 tarn
431 1332 528 1393 multis
542 1332 641 1394 verbis
654 1334 715 1414 agis
735 1355 742 1392 :
760 1354 836 1417 ego-

139 1434 179 1475 ne
196 1428 231 1473 ut
247 1432 312 1476 eam
326 1413 460 1488 causam,
478 1434 565 1496 quam
585 1418 609 1475 is
627 1413 679 1473 scri
702 1414 833 1498 sit?ego

138 1494 263 1555 scribam
282 1517 342 1557 non
359 1514 475 1578 rogatus
488 1496 524 1555 ab
545 1494 608 1556 eo?
627 1436 705 1555 nulii
722 1524 834 1578 sagru-

137 1580 256 1653 χιίριισκ
281 1574 346 1637 fieri
373 1574 467 1658 potest
492 1577 742 1637 contumeliosior.
770 1576 834 1652 At,

138 1656 262 1735 inquis,
279 1657 454 1734 H'gaeaan'inr
473 1656 593 1738 aliquod
614 1675 622 1714 r
643 1678 704 1717 non
732 1656 834 1719 recuso

137 1736 173 1795 id
196 1735 340 1817 quidem3
360 1736 410 1797 sed
433 1737 723 1814 &componendum
745 1758 835 1817 argu-

137 1834 275 1877 mentum
298 1814 364 1892 est,
383 1819 413 1877 ὃ(
440 1817 582 1878 scribendi
609 1815 833 1896 exspesiandum

136 1914 257 1979 tempus
278 1901 426 1959 maturius.
446 1898 529 1960 Licet
548 1900 628 1959 enim
649 1899 685 1959 de
708 1919 779 1973 me,
797 1917 830 1961 ut

135 1976 230 2055 libet,
247 1977 392 2042 existimes
403 1988 417 2057 (
428 1981 517 2042 velim
539 1981 658 2061 quidem
671 1978 758 2060 quim
768 2002 787 2039 o
811 2015 831 2029 -

137 2060 231 2145 time)
243 2062 268 2122 si
280 2062 343 2123 haec
354 2063 395 2122 ita
413 2077 552 2136 manent,
565 2081 598 2123 ut
610 2061 747 2123 videntur
757 2060 771 2143 (
783 2003 808 2121 d

137 2162 182 2221 rer
195 2142 280 2225 quod
299 2141 417 2225 dicam)
436 2163 484 2204 me
497 2143 566 2204 ldus
577 2143 691 2204 Martiae
701 2165 760 2204 non
772 2142 831 2205 de·

135 2222 258 2285 leuant:
269 2224 318 2286 ille
332 2226 410 2285 enirn
418 2246 575 2307 numquam
582 2222 758 2287 revertisset:
772 2247 827 2288 nos

135 2306 226 2365 timor
241 2304 413 2367 confirmare
431 2305 494 2385 ejus
513 2305 575 2367 acia
592 2328 651 2366 non
672 2305 828 2388 coegisset:

134 2402 185 2445 aut
198 2384 295 2468 (utin
305 2385 413 2449 Saufeii
424 2407 490 2448 eam
501 2433 510 2463 ,
523 2390 742 2475 relinquamque
753 2385 830 2448 Tus-

133 2467 255 2527 culanas
279 2466 485 2549 disputationes
506 2513 516 2542 ‚
536 2469 573 2530 ad
596 2487 667 2548 quas
687 2484 718 2526 tu
738 2469 827 2530 etiarn

134 2544 308 2623 Vestorium
331 2550 488 2623 hortaris)
511 2551 551 2609 ita
575 2550 694 2631 gratiosi
713 2569 826 2613 eramus

135 2626 220 2707 apud
229 2626 331 2703 illum,
348 2652 437 2713 quern
456 2630 497 2690 dii
512 2651 659 2692 mortuum
674 2632 827 2711 perduint,

132 2724 169 2768 ut
191 2704 294 2769 nostre
313 2715 416 2787 retati,
437 2715 575 2792 quoniam
597 2711 748 2773 interfedo
765 2713 826 2772 do·

130 2792 217 2851 mino
238 2789 320 2853 liberi
337 2815 398 2854 non
419 2792 536 2867 sumus,
553 2816 613 2854 non
631 2793 716 2854 suerit
729 2793 825 2852 domi·

130 2892 185 2931 nus
213 2870 264 2933 ille
292 2872 457 2957 fugiendus.
480 2875 585 2937 Rubeo
600 2920 610 2949 ,
628 2876 697 2934 mihi
716 2870 825 2931 crede:

131 2946 252 3033 frojam
265 2951 454 3037 scripseram
473 2957 570 3019 delere
583 2951 742 3112 uolpipijDe
753 2951 827 3016 Me·
