2125 3784
245 408 292 479 30
427 386 731 460 Enrsroza

242 517 372 562 retentus
389 499 441 563 esi.
460 502 608 584 Quintum
622 503 715 566 silium
731 504 768 565 ad
785 522 834 566 tue
849 515 930 568 acet-¹

243 581 363 642 bisaime
385 581 521 664 scripsisse
545 583 605 664 jam
623 587 689 648 ante
710 586 747 648 ad
766 603 797 647 te
819 585 930 668 scripsi.

241 658 410 724 Extremum
439 664 482 727 est
507 668 588 750 quod
608 682 638 728 te
662 687 746 728 orem
765 710 775 742 ,
797 668 822 727 ti
844 686 929 749 putat

240 739 351 803 retium
372 743 429 806 else
448 790 458 822 ,
479 747 512 808 ὃ(
529 770 548 806 a
567 765 597 809 te
616 745 684 809 susci
706 751 716 807 i
735 745 837 828 posse,
859 767 928 808 cum

243 819 372 885 Camillo
389 831 586 890 communices
598 873 609 904 ,
621 847 654 890 ut
700 831 840 891 erentiam
859 848 930 889 mo·

242 906 334 966 neatis
351 906 389 969 de
400 907 572 971 testamento
588 955 591 960 -
605 928 666 972 tem
688 932 740 972 ora
761 924 883 970 monent
897 924 930 970 ut

242 985 361 1061 videat,
379 1008 411 1050 ut
428 989 599 1065 satisfaciat,
616 932 719 1072 quibus
737 990 862 1051 debeat:
880 1010 931 1048 au·

242 1063 336 1128 ditum
347 1088 384 1129 ex
393 1068 550 1134 Philotimo
561 1070 618 1146 est,
629 1091 695 1132 earn
707 1070 841 1132 scelerate
851 1089 931 1150 quae·

244 1145 312 1208 darn
331 1148 447 1214 facere:
467 1153 605 1216 credibile
619 1156 670 1212 vix
687 1151 750 1224 ell3
766 1151 816 1212 sed
831 1151 930 1223 certe,

243 1229 931 1370 lilll‘lu³²¹⁰‘¹·l‘:³ltt{lztl?vlfl·

246 1386 376 1461 scribas,
402 1388 434 1448 δι
452 1333 665 1468 rrigiibeuquid
680 1385 783 1447 scribas
809 1331 847 1446 d:
868 1329 931 1449 eat

231 1464 273 1525 ⁴in
294 1487 353 1546 quo
374 1485 426 1527 tuo
445 1469 568 1528 consilio
590 1487 687 1549 egeo,
704 1466 793 1525 etiarn
812 1466 836 1523 si
857 1466 930 1525 nibil

243 1549 392 1628 excogitas
393 1625 422 1688 N
438 1547 468 1606 id
488 1550 568 1690 §nim
589 1546 660 1608 mihi
679 1547 733 1607 etit
749 1565 805 1628 pto
824 1541 930 1625 despe-

240 1642 314 1687 rato.
338 1645 377 1687 ιιι
423 1649 472 1690 on.
506 1651 556 1691 un.

344 1747 508 1812 Crcuuo
535 1746 705 1811 Attico
732 1745 818 1808 Sur.

245 1835 654 1946 17.Pnornnnuttnus
666 1863 820 1923 tabellariis
831 1862 931 1922 alienis

242 1949 317 2009 hanc
338 1945 488 2027 epistolam
505 1941 596 2013 dedi;
613 1943 651 2000 eb
664 1941 783 2002 brevior
799 1940 859 2016 ell3
877 1943 931 2016 δι,

243 2026 325 2108 quod
337 2045 415 2085 eram
429 2020 558 2082 missurus
572 2041 667 2082 meos.
681 2021 779 2083 Tullia
797 2043 864 2082 mea
874 2041 931 2083 ve·

243 2110 288 2168 uit
301 2107 338 2166 ad
356 2125 403 2166 rne
416 2103 508 2185 pridie
523 2101 592 2162 ldus
608 2101 673 2162 lun.
693 2104 788 2185 deque
802 2122 852 2164 tua
863 2123 931 2186 erga

205 2210 207 2214 ·
244 2187 274 2249 se
293 2185 474 2248 observantia
492 2184 756 2265 benevolentiaque
775 2185 847 2243 mihi
866 2186 932 2264 plu·

245 2269 320 2327 rima
339 2266 491 2349 exposuit,
508 2263 670 2347 litterasque
689 2266 813 2326 reddidit
833 2267 933 2325 trinas.

244 2345 311 2430 Ego
333 2367 430 2410 autem
455 2367 492 2408 ex
516 2349 606 2427 ipsius
634 2350 768 2419 virtute,
795 2346 933 2405 humani·

243 2444 328 2503 tate,
346 2434 453 2510 pietate
471 2450 532 2488 non
555 2427 647 2487 modb
666 2447 731 2489 eam
747 2427 931 2506 voluptatem

244 2531 306 2570 non
331 2515 417 2591 cepi,
437 2531 523 2592 quam
543 2528 645 2590 capere
667 2507 704 2568 ex
722 2509 857 2589 singulari
872 2505 931 2565 filia

244 2590 333 2650 debui
353 2612 363 2665 ;
389 2591 438 2652 sed
459 2594 547 2650 etiam
568 2590 730 2650 incredibili
748 2589 809 2647 sum
829 2587 932 2646 dolore

242 2669 361 2734 affectus
376 2713 385 2744 ,
407 2671 463 2733 tale
476 2673 624 2754 ingenium
638 2673 666 2729 in
680 2687 740 2729 tam
754 2666 855 2728 misera
866 2665 932 2726 for·

244 2770 314 2814 tuna
335 2752 440 2813 versari
456 2798 465 2826 ,
484 2755 571 2834 idque
592 2751 722 2810 accidere
742 2750 821 2809 nullo
843 2749 932 2828 ipsius

244 2833 377 2909 delicio,
400 2833 509 2894 summa
528 2832 614 2912 culpi
634 2832 719 2892 mei:
739 2834 837 2910 itaque
859 2849 876 2887 a
902 2846 932 2888 te

247 2936 344 3000 neque
364 2915 592 2979 consolationem
607 2908 687 2989 jam,
705 2912 762 2994 qui
777 2927 882 2992 cupere
901 2925 931 3011 te
