2125 3784
265 392 308 462 28
447 393 750 461 Errsroriz

259 505 379 587 propiis
402 504 579 567 veniendum
597 551 609 583 ‚
627 528 664 569 an
686 528 765 570 mare
787 508 942 572 transeun-

259 585 347 645 dum:
362 604 430 645 nam
445 587 493 646 hic
506 590 618 648 maneri
636 590 739 650 diutius
756 609 817 652 non
833 590 940 672 potest.

197 678 203 686 ·
257 662 309 725 De
329 665 483 727 Fufidianis
503 687 592 748 quare
612 668 681 727 nihil
695 672 795 748 potuit
811 670 938 733 confici?

257 764 348 825 genus
371 749 449 806 enim
470 747 644 808 conditionis
661 745 803 825 ejusmodi
822 750 891 823 fuit,
909 757 938 811 in

257 845 316 904 quo
331 847 391 887 non
407 827 479 888 solet
493 825 550 888 effe
567 826 782 904 controversia3
799 850 889 911 quum
904 850 939 892 ea

255 925 321 985 pars
337 927 425 990 ,quae
444 908 560 968 videtur
576 907 633 970 effe
646 912 764 985 minor,
777 913 935 972 licitatione

254 988 367 1068 expleri
391 986 494 1070 posset.
518 988 592 1050 Haec
615 1010 674 1072 ego
693 1012 754 1051 non
774 994 836 1052 sine
857 991 940 1051 causa

255 1082 376 1149 quaero:
395 1068 521 1151 suspicor
543 1073 624 1132 enim
642 1071 802 1134 coheredes
822 1071 939 1132 dubiam

254 1147 381 1210 nostram
399 1150 512 1213 causam
527 1169 647 1233 putare,
668 1153 701 1211 δι
718 1154 756 1212 εδ
771 1174 834 1214 rem
846 1156 878 1212 in
894 1155 939 1212 in·

253 1247 338 1312 tegro
361 1229 428 1294 effe.
447 1232 536 1294 Vale.
553 1231 647 1292 Pridie
667 1231 734 1291 Idus
754 1234 838 1293 Maii.

257 1340 259 1345 ⁴
334 1347 527 1409 -Crceno
557 1346 728 1407 Arrrco
756 1347 843 1408 sir.

256 1466 304 1527 16.
314 1427 360 1522 N
366 1481 418 1526 ou
432 1485 500 1525 meo
513 1465 586 1526 vitio
599 1463 651 1538 fit,
664 1464 721 1522 hoc
732 1464 850 1542 quidem
865 1482 939 1526 tem·

253 1565 329 1625 pore
347 1544 360 1627 (
379 1546 446 1604 ante
467 1547 548 1603 enim
570 1543 611 1604 est
630 1541 813 1623 peccatum)
835 1558 866 1602 ur
885 1566 935 1607 me

253 1625 305 1686 ista
322 1623 444 1707 epistola
459 1624 529 1686 nihil
543 1623 723 1685 consoletur:
736 1643 804 1682 nam
820 1622 853 1682 &
870 1630 935 1686 exi·

252 1705 311 1789 gud
338 1707 442 1788 scripta
471 1703 512 1767 est
532 1749 544 1781 ‚
565 1705 599 1767 &
620 1704 794 1788 suspiciones
818 1725 938 1785 magnas

251 1788 341 1851 habet
359 1809 421 1849 non
432 1786 497 1849 'esse
515 1788 552 1848 ab
571 1789 643 1860 illo;
663 1807 733 1867 quas
750 1785 938 1848 animadver-

253 1867 314 1928 tiiie
332 1885 364 1929 re
377 1867 518 1928 existimo.
532 1865 583 1924 De
599 1867 718 1926 obviam
733 1864 822 1924 itione
841 1868 881 1928 ita
893 1866 939 1928 fa·

253 1951 350 2020 ciam,
367 1965 399 2008 ut
415 1945 537 2006 suades:
556 1963 650 2023 neque
668 1946 748 2003 enim
761 1945 817 2004 ulla
833 1946 870 2006 de
884 1949 939 2007 ad·

252 2044 345 2088 ventu
363 2026 428 2104 'ejus
445 2027 547 2104 opinio
567 2023 608 2085 est
624 2043 635 2097 ;
657 2043 774 2104 neque,
796 2030 884 2104 siqui
900 2048 937 2089 ex

248 2105 325 2168 'Asia
343 2106 484 2180 veniunt,
501 2104 657 2186 quidquam
674 2105 803 2165 auditum
820 2107 877 2166 effe
891 2107 937 2166 di-

253 2202 324 2248 cunt
337 2185 374 2248 de
388 2205 459 2266 pace
470 2185 576 2264 :cujus
590 2205 652 2268 ego
664 2185 714 2265 spe
728 2187 758 2245 in
773 2186 846 2247 hanc
862 2187 939 2249 frao

244 2267 324 2328 dem
338 2264 531 2327 incidi.·Nihil.
543 2265 651 2341 video,
667 2267 747 2348 quod
764 2267 937 2346 sperandum

245 2362 378 2428 ¹putem,
397 2367 473 2408 nunc
494 2345 669 2427 prasertim,
690 2369 780 2429 quum
796 2367 832 2408 ea
850 2350 935 2430 plaga

243 2431 286 2490 in
307 2429 378 2491 Asia
394 2432 431 2488 sit
448 2445 588 2508 accepta,
608 2430 639 2488 in
657 2427 797 2508 Illyrico,
816 2431 846 2487 in
865 2427 936 2490 Cas-

165 2563 166 2567 ,
249 2511 337 2571 'siano
355 2510 498 2590 negotio,
514 2513 544 2569 in
559 2509 618 2590 ipsa
632 2508 828 2582 Alexandria,
846 2511 876 2574 in
891 2530 936 2569 ur·

246 2589 315 2666 -be,
332 2593 361 2649 in
379 2589 470 2650 ltalia.
492 2588 556 2671 Ego
571 2592 666 2663 vero,
684 2594 772 2650 etiam
788 2592 811 2648 si
826 2590 936 2650 reditu·

248 2691 301 2733 :rus
319 2671 369 2732 ille
390 2668 431 2731 est
441 2715 452 2743 ‚
464 2670 515 2754 'qui
530 2671 625 2730 adhuc
642 2671 752 2730 bellum
769 2689 869 2750 gerere
887 2671 938 2729 di-

254 2755 349 2825 citur,
371 2768 468 2811 tamen
486 2767 552 2812 ante
568 2751 692 2811 reditum
706 2747 768 2828 ejus
784 2769 821 2810 ne
843 2753 936 2810 otium

254 2830 418 2895 confecero
434 2833 468 2893 iri
487 2829 683 2912 puto.·Quod
703 2847 800 2891 autem
818 2771 936 2903 dcdbis,

252 2913 415 2999 quemdem*
427 2912 555 2976 laetiricm
568 2911 715 2975 bonorum
726 2910 786 2974 effe
799 2928 937 2991 commo·-¹
