2125 3784
347 275 408 327 An
422 258 630 327 Atticum
644 256 733 326 Lm.
747 259 829 328 XV.
858 281 922 352 223

234 372 343 458 fasque
370 372 408 435 ad
434 390 483 434 me
510 373 634 447 attulit3
659 375 690 433 in
712 372 814 455 quibus
836 394 929 434 unum

236 459 368 521 alienum
378 453 491 515 summi
501 450 550 514 sut
568 453 719 535 prudentii
734 498 745 528 ,
764 455 844 515 idem
855 453 929 514 illud

237 557 271 601 ut
287 535 416 621 {podem
432 535 518 597 ludos
539 533 616 597 suos.
637 534 780 616 Rescripsi
796 534 929 609 scilicet,

237 621 368 703 primum
385 614 507 697 mejam
522 612 687 697 ptofetlum
700 660 710 689 ‚
723 632 756 677 ut
772 636 833 679 non
844 617 928 679 iute-

341 701 379 761 sit
393 718 404 774 3
423 697 512 772 dein,
524 694 774 769 otnant-retro
790 716 858 772 me,
876 698 928 779 qui

238 716 373 844 wem
390 781 511 841 omnino
528 775 593 857 post
617 777 679 837 haec
699 798 780 838 anna
798 796 859 839 non
875 798 929 838 ac-

240 860 396 935 cederint,
413 879 511 943 neque
525 857 557 918 id
573 875 633 918 tam
652 859 773 938 periculi
789 859 848 921 mei
863 872 930 919 tau·

242 942 278 1005 sd
296 941 417 1005 fecerim
437 985 448 1016 ,
470 938 560 1034 quiin
586 939 754 1034 dignitatis,
776 936 868 999 subito
890 940 930 1000 ad

104 1034 111 1079 2
241 1022 332 1085 ludos
354 1023 482 1084 veniret
506 1020 558 1081 tali
586 1039 665 1079 emm
686 1037 823 1101 tempore
843 1018 930 1081 ludos

107 1094 113 1107 '
245 1102 346 1163 tacere
360 1102 401 1163 illi
418 1098 572 1163 honestum
589 1098 653 1174 est,
673 1104 720 1160 cui
738 1098 850 1163 neceffe
866 1097 929 1175 estt

246 1181 373 1265 spetlum
396 1182 468 1243 mihi
485 1196 594 1255 utnon
613 1179 655 1242 est
672 1181 809 1255 mettre,
831 1180 872 1243 sic
890 1201 929 1242 ne

244 1260 399 1327 honestum
418 1263 538 1344 quidem
557 1259 608 1322 est.
627 1261 771 1344 Equidem
792 1262 931 1324 illos-te·

243 1344 374 1420 lebrari,
394 1342 427 1402 &
452 1343 508 1405 elle
531 1342 619 1424 qu‘atn
690 1346 818 1405 tissimos
840 1345 931 1404 mira-

91 1438 99 1451 ·
135 1502 139 1507 ,
243 1426 342 1488 biliter
357 1424 444 1505 cupio
459 1444 469 1499 ;
484 1425 573 1505 idque
590 1426 631 1483 ita
677 1442 772 1486 turum
787 1422 931 1486 effecon·

139 1576 142 1583 ,
243 1504 371 1581 fid03&
387 1519 486 1566 tecum
501 1525 579 1588 ugo,
601 1502 750 1582 utiamab
766 1503 829 1584 ipsa
846 1523 931 1564 cont·

244 1589 384 1648 missione
395 1584 433 1645 ad
442 1606 489 1646 me
502 1631 511 1660 ‚
526 1586 776 1667 quemadmodum
785 1585 934 1665 accipian·

174 1698 180 1707 ·
243 1683 314 1744 tut,
330 1665 440 1729 deinde
456 1669 578 1728 omnino
597 1665 774 1747 reliquorum
793 1665 854 1725 dies
872 1666 934 1728 sin·

245 1749 332 1891 iulos
353 1745 534 1829 persequare.
554 1745 613 1807 Sed
633 1747 670 1807 de
691 1746 765 1811 ludis
785 1742 937 1810 haetenus

272 1830 374 1913 eliqua
392 1848 457 1910 pars
477 1826 626 1911 epistole,
646 1825 687 1890 est
703 1828 753 1890 illa
772 1826 891 1912 quidem
903 1829 935 1890 in

244 1908 935 2075 intigidiititejaiiitntgtiiculiisdvitriig?qitidldliquuliig

246 2074 299 2135 tibi
310 2065 482 2147 videretur,
494 2088 527 2133 ut
548 2070 642 2153 polles
652 2075 853 2154 interpretati,
868 2074 936 2135 tnisi
960 2140 962 2144 ,

247 2152 285 2215 ad
297 2170 328 2216 te
338 2154 509 2234 exemplum
526 2151 653 2234 epistolae
666 2175 673 2213 :
692 2172 867 2237 quamquam
878 2156 937 2214 ni-

248 2235 280 2296 hi
296 2235 462 2296 tabellarius
479 2233 577 2296 noster
596 2235 725 2309 dixerat,
743 2236 797 2294 tibi
816 2254 937 2317 quoque

251 2314 281 2377 se
300 2313 418 2377 attulisse
440 2316 548 2377 litteras
562 2313 705 2389 aBtuto,
728 2314 832 2396 easque
852 2315 889 2376 ad
904 2332 936 2377 te

253 2413 272 2457 e
290 2392 454 2457 Tusculano
476 2395 532 2461 elle
552 2395 670 2458 delatas.
686 2395 750 2479 Ego
770 2399 873 2460 itinera
893 2399 936 2457 sic

253 2475 497 2557 composueram,
517 2496 550 2538 ut
570 2475 664 2538 Nonis
683 2476 789 2559 Quint.
810 2476 937 2541 Puteolis

252 2552 457 2619 effemvalde
475 2561 555 2619 enim
571 2555 672 2620 festino
683 2578 692 2635 ;
703 2563 742 2620 ita
751 2578 849 2622 tamen
862 2603 871 2633 ,
884 2573 938 2631 ut,

249 2654 392 2719 quantum
414 2639 507 2700 homo
529 2642 646 2721 possit,
670 2640 754 2724 quim
775 2636 938 2701 cautissimt

249 2720 401 2803 navigem.
418 2719 462 2782 M.
478 2720 585 2782 AElium
600 2721 667 2782 cuti
684 2722 817 2784 liberabis
832 2739 840 2778 ι
853 2718 877 2778 is
888 2734 939 2780 me

249 2818 364 2884 paucos
379 2799 481 2884 specus
496 2805 528 2864 in
546 2819 678 2866 extremo
695 2802 811 2941 funtll<o⁹
833 2798 865 2860 &
885 2816 939 2860 eos

792 2903 822 2942 tv
