2125 3784
247 394 307 444 no
326 378 527 443 Afric-orn
544 376 632 447 Lrn.
649 376 733 449 XV.
767 400 828 477 195

138 512 198 557 nec
211 491 306 552 simile
321 507 437 572 tempus
450 509 459 564 ;
478 490 634 571 praesertim
647 513 736 574 quum
749 491 837 553 Mar·

137 575 250 636 cellum
260 570 365 631 scribas
378 615 388 644 ,
405 571 531 653 aliosque
544 571 697 635 discedere.
709 572 788 635 Eriti
808 576 837 634 i·

138 674 188 717 tur
208 654 297 715 nobis
317 651 418 713 corint
443 653 650 729 odorandum,
670 655 701 716 &
726 595 837 717 condi-

140 736 313 810 tnendum‚
333 733 436 795 tutdne
463 734 569 795 Rotnae
594 735 650 797 effe
678 739 835 818 possimus.

138 816 225 881 Novi
237 815 401 879 conventus
414 815 594 877 habitatores
607 817 674 877 sane
694 837 815 881 movent
826 839 837 892 3

137 900 170 961 in
192 920 243 961 ma
263 899 308 958 nis
329 898 409 958 enim
429 895 577 959 versamur
598 896 733 982 angustiis
755 899 834 962 :sed

139 984 229 1043 sinti
252 1001 269 1040 a
287 982 370 1061 parvi
384 981 471 1060 :quin
491 979 523 1040 dt
542 977 654 1058 majora
664 985 834 1042 contemni-

139 1084 218 1124 mus.
229 1058 553 1143 calvarestamenrum
567 1065 718 1144 cognovi,
736 1062 835 1123 homi-

139 1146 188 1207 nis
210 1144 303 1224 turpis
331 1164 364 1202 ac
391 1142 509 1203 sordidi.
534 1140 648 1205 Tabula
673 1142 835 1205 Dernonici

184 1223 229 1285 bd
251 1224 304 1285 tibi
330 1244 406 1286 curae
433 1220 496 1297 est,
535 1242 636 1286 ratum.
659 1223 708 1285 De
737 1225 835 1288 Mario

140 1246 247 1401 idripsi
255 1303 315 1387 jam
327 1305 443 1386 pridem
459 1305 496 1365 ad
507 1320 511 1327 ’
543 1305 698 1368 olabellam
710 1327 835 1368 accura-

141 1387 255 1451 tissime
274 1408 285 1461 3
302 1387 396 1448 modo
413 1386 534 1449 redditae
551 1389 653 1451 litterae
676 1391 751 1449 sint:
770 1386 833 1468 ejus

139 1468 231 1531 eausa
246 1468 282 1531 &
299 1471 386 1552 cupio
399 1512 410 1544 ,
422 1469 455 1531 δι
467 1468 573 1531 debeo.
586 1469 687 1532 Venio
706 1470 743 1531 ad
760 1492 834 1551 pro·

138 1552 267 1634 piorem·
286 1548 336 1613 Co
356 1551 429 1613 novi
446 1550 484 1611 de
503 1548 673 1626 Alexione,
695 1554 832 1632 quaede-

139 1632 316 1695 siderabam.
326 1570 439 1693 fiirtius
449 1629 491 1693 est
504 1649 579 1692 tuus.
597 1633 730 1695 Antonio
744 1633 832 1713 quim

139 1710 297 1787 est,·volo
311 1711 398 1825 pejus
416 1711 484 1774 elle.
501 1710 551 1773 De
564 1712 682 1791 Quinto
700 1711 783 1786 filio,
800 1733 833 1775 ut

138 1792 244 1857 scribis
255 1794 494 1875 ,im-Depatre
506 1793 606 1877 cotim
616 1814 743 1876 agemus.
758 1793 833 1853 Bru-

138 1892 205 1939 tum
222 1877 307 1939 omni
316 1896 349 1937 re
361 1921 371 1950 ,
383 1876 441 1956 qud
455 1871 570 1957 poffum
581 1919 590 1949 ,
603 1878 690 1957 cupio
707 1873 832 1954 juvare;

139 1956 224 2039 eujus
240 1957 279 2020 de
295 1958 474 2018 oratiuncula
489 1956 568 2017 idern
589 1972 642 2031 te,
664 1957 743 2039 quod
764 1977 829 2032 me,

140 2040 244 2105 sentire
263 2040 358 2103 video
371 2059 379 2098 :
394 2038 443 2100 sed
464 2059 566 2120 parum
585 2037 739 2122 intelligo,
758 2040 829 2121 quid

141 2142 187 2187 me
209 2121 288 2187 velis
310 2120 435 2182 scribere
451 2163 461 2195 ,
480 2121 561 2202 quasi
580 2141 598 2179 a
617 2119 709 2182 Bruto
732 2120 830 2182 habiti

140 2208 294 2281 oratione,
310 2222 400 2286 quum
409 2202 458 2262 ille
474 2201 599 2264 ediderit
616 2223 623 2261 ι
642 2203 691 2284 qui
709 2203 830 2264 tandem

141 2289 282 2353 convenit
297 2284 309 2346 l
324 2305 363 2347 an
379 2287 421 2346 sic
436 2299 469 2345 ut
482 2286 512 2345 in
526 2301 685 2365 tyrannum
698 2280 760 2360 jure
772 2306 830 2365 op·

140 2370 213 2431 tirno
233 2366 366 2431 cesum?
384 2367 475 2427 multa
492 2365 643 2439 dicentur,
655 2365 746 2425 multa
757 2365 830 2425 scri-

140 2450 248 2513 bentur
264 2473 284 2511 a
297 2450 382 2513 nobis
393 2469 403 2522 ·,
413 2447 463 2510 sed
479 2447 538 2508 alio
552 2447 645 2508 modo
665 2447 697 2506 δι
711 2463 832 2530 tempo·

140 2550 186 2594 re.
203 2530 257 2593 De
276 2530 343 2593 sella
359 2528 480 2593 Caesaris
500 2529 577 2590 bene
595 2528 699 2590 tribuni
723 2549 731 2588 :
755 2550 831 2610 prae·

142 2612 240 2675 elatos
248 2614 336 2675 etiam
344 2631 406 2675 xiv
420 2611 549 2674 ordines.
560 2610 680 2673 Brutum
692 2610 770 2693 apud
782 2630 832 2671 me

87 2718 91 2739 ·
143 2690 227 2756 fuine
244 2694 386 2779 gaude03
408 2694 506 2758 modb
527 2692 561 2759 δι
579 2694 703 2759 libenter
721 2691 832 2763 fuerit,
932 2730 934 2736 .

145 2774 177 2841 u
196 2775 241 2841 sat
259 2776 317 2845 diu.

660 3010 712 3090 iij
