2125 3784
246 408 309 461 AD
323 390 524 459 Armenii
539 390 628 460 ΜΒ.
641 389 736 462 XII.
781 413 829 483 47

139 505 334 568 fhilotimum
363 507 490 564 tertium.
511 502 543 563 O
569 504 745 579 stultitiam,
774 509 830 569 uisi

135 589 203 649 me'a
222 584 320 664 major
338 583 431 655 esset,
450 585 620 664 singularem
636 586 644 644 !
661 585 758 664 Quod
775 608 828 647 au·

93 710 97 715 -
135 686 198 729 tem
215 688 249 727 os
266 669 297 725 in
318 667 392 725 hanc
412 683 472 723 rem
493 674 575 742 ’ἐμω
592 686 608 723 a
624 666 676 726 te?
691 665 748 727 Fac
765 688 827 729 nott

138 747 175 807 ad
194 747 322 822 ’Mur
344 745 431 818 iterim
453 788 462 813 ,
490 742 540 802 sed
565 745 602 802 ad
626 747 739 822 Πειςιῖιιν
759 767 827 808 eum

138 824 266 898 veniff03
286 824 336 886 sed
354 824 501 899 ἄμπνευμα
520 829 608 901 σεμνὸν
622 821 732 892 Α’λφιίυ
752 828 780 886 in
796 847 827 891 te

137 908 249 984 agaimo,
268 922 300 966 ut
318 903 436 974 scribis,
462 903 597 975 haurire,
616 904 644 959 in
667 906 750 963 tantis
772 906 827 969 suis

136 987 294 1070 prasertim
322 981 486 1067 angustiis,
511 992 561 1042 irai
582 971 661 1042 ταῦτ’
687 982 727 1056 ἄρ’
755 995 828 1048 ἦ...

137 1066 252 1139 m'w
270 1065 330 1127 Sed
345 1063 405 1146 ipse
420 1064 536 1122 viderit.
554 1061 631 1122 Cato
645 1081 693 1121 me
712 1065 828 1142 quidem

135 1146 282 1221 delebiat,
301 1145 350 1208 sed
369 1148 458 1206 etiam
474 1138 589 1201 Bassum
610 1142 753 1202 Lucilium
771 1145 829 1209 sua.

136 1224 185 1288 De
200 1225 305 1288 Coelio
317 1247 348 1287 tu
363 1243 476 1307 quaeres
486 1267 496 1295 ,
508 1241 541 1280 ut
555 1222 670 1282 scribis:
685 1243 744 1305 ego
760 1226 831 1287 nihil

136 1311 209 1369 novi
229 1328 237 1367 :
255 1306 402 1368 noscenda
424 1301 464 1364 est
482 1320 609 1374 natura,
630 1324 691 1361 non
709 1305 830 1367 facultas

140 1388 242 1448 modo.
267 1387 317 1449 Db
338 1387 498 1447 Hortensio
517 1385 549 1442 ἃ
570 1383 728 1464 Virginio,
750 1402 781 1446 tu
802 1388 827 1446 si

145 1468 216 1546 quiri
235 1468 396 1529 dubitabis:
416 1467 470 1526 etsi
492 1464 561 1546 quid
580 1467 669 1546 magis
690 1465 830 1544 placeat,

147 1564 206 1627 ego
220 1567 353 1684 {mamm
368 1546 514 1628 adspicio,
530 1565 591 1603 non
606 1543 688 1604 facile
702 1547 827 1608 invene·

143 1627 197 1685 ris.
250 1646 300 1684 um
317 1627 463 1701 Mustela,
485 1626 731 1706 quemadmodum
754 1626 827 1688 scri-

140 1706 220 1779 bis,
249 1725 339 1787 quum
362 1710 469 1769 venerit
493 1706 620 1786 Crispus.
644 1707 692 1765 Ad
717 1708 827 1768 Aulum

141 1784 271 1869 scripsi,
294 1804 327 1847 ur
344 1805 397 1860 ea,
414 1808 472 1868 quae
493 1789 569 1847 bene
589 1785 699 1846 nossem
718 1788 755 1848 de
774 1809 826 1848 au·

87 1905 93 1930 t
142 1887 194 2006 rap,
219 1864 571 2007 s'isonigttierpopsttarim:
590 1870 643 2008 tipi
662 1869 739 2008 epim
757 1865 826 2009 [ετξ

87 1972 97 1985 ·
174 1965 301 2020 entior,
371 1970 380 2007 t
405 1970 421 2008 u
462 1969 585 2008 mmmm
624 1969 653 2007 ru
692 1971 766 2022 uct,

87 2050 98 2065 ·
144 2031 236 2088 omnia
249 2049 327 2088 nunc
340 2029 469 2111 undique
482 2030 688 2090 contrahenda.
701 2029 747 2091 Te
760 2032 826 2110 qui·

87 2128 100 2143 ·
147 2107 202 2169 dem
220 2109 291 2168 nihil
307 2130 417 2191 agere,
431 2110 502 2168 nihil
518 2112 646 2198 cogitate
660 2111 757 2185 aliud,
774 2114 829 2172 nisi

87 2207 102 2235 ‹·
149 2191 216 2270 quod
236 2190 275 2249 ad
293 2210 342 2250 me
361 2192 531 2270 pertineat,
554 2190 638 2249 racilt
658 2189 798 2270 perspicio
816 2212 827 2265 ;

87 2286 100 2303 ·
126 2268 131 2277 '
150 2271 263 2353 meisque
273 2275 400 2353 negotiis
409 2271 546 2349 impediti
554 2269 827 2348 cupiditatemtuam

87 2353 99 2394 θ
153 2351 235 2412 tdme
249 2352 412 2411 veniendi:
426 2349 476 2409 sed
491 2371 606 2410 mecum
622 2348 678 2410 esse
691 2367 721 2410 te
735 2369 827 2430 puto;

152 2447 197 2491 ton
213 2431 311 2492 solum
332 2431 413 2508 quod
434 2451 529 2490 meam
544 2451 606 2491 rem
625 2433 709 2511 agis,
725 2434 828 2492 verum

154 2514 222 2573 etiam
235 2509 320 2591 qnod
330 2508 431 2567 videre
442 2511 562 2583 videor,
572 2531 632 2591 quo
645 2511 735 2571 modo
746 2531 829 2593 agas:

154 2610 233 2675 teque
252 2593 333 2650 enirn
353 2588 411 2648 ulla
430 2587 500 2647 hora
521 2593 562 2648 tui
580 2593 649 2650 mihi
668 2590 709 2652 est
728 2593 826 2673 operit

88 2690 97 2707 ·
152 2671 248 2753 ignota.
264 2669 414 2730 Tubulum
430 2689 588 2752 praetorem
604 2673 693 2734 video
708 2673 742 2733 L.
757 2673 827 2734 Me·

88 2761 96 2833 ξ
154 2754 229 2827 tillo,
253 2750 300 2830 Q.
323 2751 456 2811 Maximo
482 2749 551 2812 coss.
573 2773 647 2812 nunc
666 2754 775 2826 velim,
795 2753 829 2812 P.

89 2844 97 2878 ¹
154 2830 276 2896 §cavola
298 2829 430 2910 pontifex
448 2836 610 2905 maximus,
635 2836 737 2914 quibus
759 2829 829 2891 coss.

88 2921 97 2961 ³
153 2915 272 2981 tibanus
292 2909 405 2991 plebis:
423 2913 561 2992 equidem
577 2929 649 2994 puto
666 2912 829 2995 proximis,
