2125 3784
178 396 243 447 nn
267 380 474 449 Arrrcurr
492 380 579 449 Lrs.
596 380 696 451 XVI.
726 386 791 477 263

94 496 174 561 abiis
190 497 365 574 interposita
379 494 460 569 sunt,
478 518 537 558 non
555 494 722 569 serventur,
735 521 797 559 ma·

117 601 193 640 nam
219 578 469 658 perturbationem
494 598 590 640 rerum
612 577 686 639 fore.
699 578 797 660 Equi-

92 602 198 733 dem,
218 678 310 739 quum
328 658 441 731 multa,
464 661 545 741 quod
565 658 672 720 neceffe
686 680 747 721 erat
765 665 795 723 in

96 760 185 803 tanta
203 740 422 818 occupatione,
444 761 503 800 non
526 741 711 821 probentur,
731 763 796 824 quae

96 820 205 885 Caesar
218 819 346 880 statuerit
357 840 366 891 ;
376 839 472 881 tamen
487 823 560 895 otii,
581 821 715 903 pacisque
728 845 796 885 cau·

98 904 134 965 sd
164 901 307 963 acerrime
332 901 380 960 illa
406 901 485 962 soleo
509 903 692 963 defendere:
736 904 796 965 uod

99 985 159 1047 tibi
181 984 264 1043 idem
285 1002 464 1063 magnopere
484 982 649 1045 faciendum
668 924 797 1059 cende03

124 1084 286 1145 uamquam
302 1063 362 1122 haec
383 1063 502 1144 epistola
522 1088 583 1125 non
599 1064 717 1125 suasoris
735 1064 798 1141 est,

101 1088 159 1207 ded
170 1146 325 1227 rogatoris.
340 1142 446 1226 Igitur,
466 1149 505 1204 nti
520 1146 648 1219 Plance,
662 1166 798 1228 rogote,

105 1228 143 1287 &
156 1228 249 1287 etiam
262 1246 333 1297 oro,
350 1228 392 1284 sic
404 1227 515 1287 medius
528 1227 628 1301 fidius,
643 1244 673 1286 ut
688 1224 800 1306 majore

105 1306 238 1379 studio,
268 1304 414 1388 magisque
440 1327 477 1368 err
505 1313 603 1368 animo
628 1328 712 1391 agere
739 1331 799 1369 non

107 1390 226 1485 possim
236 1430 246 1461 ,
256 1402 289 1447 ut
303 1405 398 1451 totum
415 1388 472 1448 hoc
491 1393 642 1474 negotium
658 1393 696 1449 ita
710 1411 799 1473 agas,

107 1488 150 1531 tta
167 1468 295 1542 trades,
314 1472 354 1529 ita
372 1469 535 1545 conficias,
558 1489 614 1545 ut,
637 1471 718 1551 quod
736 1475 799 1532 sine

110 1550 170 1611 ulla
183 1550 365 1611 dubitatione
384 1552 462 1631 apud
479 1552 609 1613 consules
623 1554 800 1612 obtinuimus

111 1650 236 1715 propter
250 1630 389 1691 summam
402 1634 563 1693 bonitatem
574 1680 582 1707 ,
593 1635 625 1693 &
636 1636 802 1713 aequitatem

113 1712 228 1787 causae,
245 1712 276 1772 id
294 1730 326 1773 tu
342 1733 396 1773 nos
410 1713 561 1774 obtinuisse
574 1736 633 1773 non
651 1714 742 1773 modb
758 1713 803 1771 fa-

116 1794 171 1857 cile
187 1796 321 1877 patiare,
336 1793 386 1854 sed
401 1798 488 1855 etiarn
507 1796 632 1876 gaudeas
647 1814 655 1852 t
672 1794 729 1874 qui
741 1796 805 1874 qui-

117 1874 188 1936 dem
205 1876 358 1937 voluntate
378 1894 408 1936 te
424 1875 479 1936 effe
496 1897 528 1937 er
550 1899 566 1935 a
588 1876 739 1948 Atticum,
754 1873 804 1933 sae-

122 1976 160 2037 pe
173 1956 299 2039 praesens
311 1958 343 2017 &
358 1957 398 2016 illi
410 1898 553 2018 ostendidi
566 2002 575 2031 ‚
588 1958 619 2018 &
632 1958 704 2017 verb
716 1958 805 2016 etiam

117 2038 199 2099 mihi.
218 2038 314 2119 Quod
330 2039 354 2097 si
369 2038 492 2112 feceris,
511 2060 559 2100 me
573 2085 583 2115 ‚
596 2060 684 2120 quem
700 2038 806 2100 volun-

117 2136 177 2181 tate
189 2165 200 2195 ,
211 2120 244 2180 &
255 2120 376 2260 Emerui
392 2122 605 2181 necessitudine
618 2118 805 2199 conjundum

119 2198 177 2262 sem
200 2220 234 2263 er
277 2199 403 2276 abuisti‚
425 2205 552 2263 maximo
577 2201 720 2264 beneficio
748 2202 805 2262 de-

118 2284 169 2343 vin
207 2304 250 2342 un
275 2282 395 2343 habebis
412 2304 418 2343 :
438 2284 524 2365 idque
545 2302 577 2343 ut
594 2283 680 2343 facias
700 2301 730 2342 te
746 2302 806 2345 ve-

119 2362 275 2425 hementer
292 2366 379 2425 etiam
397 2382 484 2445 arque
501 2367 590 2425 etiarn
611 2386 696 2445 rogo.

156 2478 355 2579 ‘theno
377 2479 590 2544 Cnnrrour
612 2479 745 2543 SuoS.

122 2562 169 2659 N
178 2618 202 2661 u
213 2618 240 2659 Μ
252 2618 277 2674 Q
287 2618 310 2660 u
321 2620 343 2661 Α
354 2620 380 2661 Μ
399 2606 499 2683 putavi
521 2603 585 2663 fore
606 2650 615 2678 ,
637 2621 670 2663 ut
689 2600 810 2681 supplex
821 2674 826 2683 Ι

120 2683 160 2745 ad
177 2700 208 2742 te
229 2684 358 2743 venirem
378 2684 452 2745 :sed
473 2685 589 2745 hercule
613 2684 696 2745 facile
715 2686 811 2763 patior

122 2765 225 2826 datum
240 2780 377 2845 tempus,
391 2768 422 2825 in
439 2787 497 2847 quo
517 2788 648 2828 amorem
667 2764 812 2843 experirer

122 2864 218 2907 tuum.
237 2846 369 2907 Atticum
386 2850 484 2927 quanti
498 2847 602 2908 faciam
614 2896 623 2922 ,
634 2848 695 2907 scis.
715 2843 812 2902 Ama-

123 2926 218 2991 bote
238 2972 249 3003 ‚
270 2925 308 2988 da
329 2927 400 2989 mihi
420 2928 452 2989 &
465 2929 522 2991 hoc
536 2950 544 2992 ε
560 2927 728 2993 obliviscere
746 2921 813 2983 med
