2125 3784
257 375 328 463 264
457 373 764 442 Earsrozn

255 488 359 557 causi,
379 486 461 547 illum
481 486 635 568 aliquando
653 486 703 547 suo
723 486 876 563 familiari,
888 488 934 550 acl·

255 568 380 633 versario
406 586 479 642 ruo,
504 567 622 629 voluisse
645 568 838 645 consultum,
855 592 934 651 quum

254 651 329 711 illius
354 648 527 709 existimatio
549 666 692 731 ageretur.
722 648 792 710 Hoc
817 653 936 731 primluu

255 729 405 813 ignoscere
422 729 463 791 est
482 730 664 790 humanitatis
683 748 763 804 tuae;
784 730 852 792 suos
869 736 937 793 enim

255 810 375 973 guisque
395 812 483 872 debet
500 814 573 871 tueri
591 831 598 869 :
617 812 746 886 deinde,
763 812 788 870 si
807 833 858 873 me
869 834 937 875 amas

285 896 388 953 omitte
408 891 539 952 Atticum
560 890 574 974 )
595 890 733 952 Ciceroni
752 908 807 953 tuo
826 937 838 968 ,
859 907 939 975 quem

259 975 359 1054 quanti
379 972 466 1032 saclas
490 992 549 1053 prae
569 989 598 1033 te
618 972 692 1033 soles
717 971 825 1046 ferre,
853 991 940 1035 totum

257 1054 315 1114 hoc
336 1055 397 1129 da,
416 1071 448 1113 ut
469 1097 479 1126 ,
507 1054 588 1134 quod
615 1052 729 1134 semper
760 1051 940 1129 existimavi,

259 1156 337 1195 nunc
363 1137 447 1217 plane
472 1135 652 1218 intelligam,
669 1153 717 1194 me
734 1155 752 1193 a
767 1152 797 1195 te
824 1136 941 1196 multum

259 1219 360 1277 amari.
387 1217 557 1277 Buthrotios
586 1236 675 1296 quum
701 1211 799 1275 Caesar
828 1216 941 1277 decreto

259 1296 333 1370 suo,
355 1297 435 1378 quod
454 1317 509 1378 ego
530 1296 682 1377 obsignavi
698 1317 766 1356 cum
781 1296 881 1358 multis
893 1318 942 1357 am·

259 1378 395 1457 plissimis
406 1380 495 1450 viris,
510 1375 683 1438 liberavisset
697 1421 706 1450 ,
725 1375 941 1459 ostendill'erque

259 1459 346 1517 nobis
358 1503 367 1531 ,
388 1456 416 1517 se
429 1503 438 1530 ,
451 1477 540 1537 quum
552 1458 654 1539 agrarii
670 1478 749 1518 mare
769 1457 942 1533 transissent,

205 1602 211 1609 .
259 1537 370 1599 litteras
387 1536 554 1614 missurum,
572 1560 660 1620 quem
680 1541 710 1597 in
736 1558 840 1677 agrum
861 1540 943 1601 dedu·
967 1586 969 1591 -

261 1636 414 1693 cerentur;
432 1621 561 1692 accidit,
579 1638 611 1678 ut
630 1618 723 1679 subitd
742 1621 793 1680 ile
809 1622 942 1683 interiret.

261 1696 409 1777 Deinde,
432 1701 678 1784 quemadmodum
700 1717 733 1760 tu
760 1699 814 1761 scis
827 1704 844 1780 (
858 1704 943 1763 inter-

261 1779 338 1843 fuisti
357 1786 457 1858 enim,
476 1804 564 1865 quum
587 1780 716 1842 consules
737 1798 892 1862 oporteret
913 1802 943 1845 ex

261 1862 505 1926 senatusconsulto
530 1864 568 1925 de
593 1862 659 1923 attis
686 1860 809 1922 Caesaris
833 1884 943 1949 cogno·

263 1942 372 2024 scere)
393 1965 439 2004 res
460 1945 497 2003 ab
517 1945 551 2003 iis
569 1946 599 2003 in
617 1944 682 2003 Kal.
702 1943 769 2005 Jun.
793 1943 883 2007 dilata
899 1942 943 2005 est.
984 1944 987 1953 ’

262 2020 399 2083 Accessit
424 2023 461 2083 ad
480 2023 754 2085 senatusconsultum
777 2024 857 2101 lex,
885 2044 942 2108 qua

262 2102 321 2162 lata
343 2102 384 2164 est
403 2126 428 2163 a.
449 2103 532 2164 d.1v
552 2103 631 2165 Non.
657 2106 723 2166 Jun.
741 2126 807 2186 quae
827 2106 876 2167 lex
896 2127 943 2168 ea·

260 2203 326 2241 rum
347 2205 443 2244 rerum
465 2206 535 2264 quas
556 2185 651 2246 Caesar
674 2185 832 2263 statuisset,
850 2187 944 2249 decre·

259 2261 371 2338 visset,
396 2263 524 2347 egisset,
556 2266 718 2327 consulibus
750 2271 943 2350 cognitionem

261 2343 353 2404 dedit.
374 2344 467 2406 Causa
486 2346 706 2408 Buthrotiorum
732 2347 831 2409 delata
851 2349 944 2410 estad

261 2425 402 2487 consules.
420 2427 582 2489 Decretum
594 2428 712 2490 Caesaris
725 2432 877 2490 recitatum
889 2428 943 2505 est,

261 2504 294 2564 δι
313 2508 395 2566 multi
415 2529 553 2588 praeterea
578 2511 668 2571 libelli
690 2508 810 2570 Caesaris
835 2511 944 2592 prolati.
985 2580 987 2587 Ι

261 2584 404 2646 Consules
420 2590 456 2650 de
474 2591 587 2650 consilii
602 2590 742 2652 sententia
756 2590 944 2653 decrevemnr

261 2666 379 2727 secund*
528 2672 605 2733 otios
614 2690 624 2744 ;
640 2670 779 2731 Plancum
795 2672 944 2734 dederunt.

261 2745 292 2806 N
554 2770 574 2811 ο
600 2749 688 2832 (scio
708 2753 788 2812 enim
809 2770 944 2835 quantum

259 2826 283 2882 s'
556 2874 569 2905 ,
590 2831 758 2912 quibuscum
782 2835 847 2906 sis,
868 2830 943 2914 posse

561 2910 592 2973 td
608 2912 760 2980 hominem
777 2912 942 2977 facillimum

856 3012 940 3078 atque
