2125 3784
298 359 359 412 AD
378 343 588 410 Arrrcura
603 320 695 407 'Lm
717 338 787 408 XI.
857 357 874 437 ς

188 455 383 542 quamobrem
402 457 434 516 id
453 456 548 516 facere
565 451 676 534 pollern
690 475 698 515 t
713 453 784 530 sed,
799 456 822 514 si
840 455 878 516 ad

186 560 301 600 ceteras
322 537 448 596 miserias
468 539 587 596 accessit
608 539 694 594 etiam
717 536 775 609 id,
796 536 893 616 quod·

188 621 262 678 milri
292 617 475 698 Chrysippus
500 616 571 674 dixit
597 620 689 695 parari
714 616 727 698 (
749 634 779 675 tu
803 617 878 677 nihil

157 698 160 703 ’
190 696 383 781 significasti)
402 699 438 758 de
457 698 571 770 domo,
592 700 655 776 quis
679 717 726 757 me
745 695 878 759 miserior

190 799 249 840 uno
271 777 328 860 jam
348 778 403 840 suit
421 779 432 838 l
459 775 549 852 Oro,
569 775 691 837 obsecro
705 822 719 852 ,¹
734 778 850 859 ignosce
868 799 878 839 z

188 881 248 921 non
272 858 386 942 possunt
406 861 487 941 plura
503 858 645 919 scribere:
670 877 779 939 quanto
798 880 877 920 tuoe·

187 963 253 1003 rore
266 962 389 1024 urgear,
405 937 540 1022 proseslb
555 939 639 999 vides
652 957 659 995 τ
673 939 753 1020 quod
767 941 790 998 si
805 941 878 1002 mihi

185 1043 344 1083 commune
358 1042 424 1081 cunr
444 1023 548 1082 ceteris
568 1018 659 1092 esset,
678 1021 727 1101 qui
742 1021 879 1082 videntur

184 1105 216 1163 in
238 1105 343 1163 eadent
364 1101 447 1162 causa
467 1099 553 1173 esse,
579 1103 676 1159 tninor
699 1121 766 1160 mea
792 1102 879 1182 culpa

183 1182 358 1256 videretur,
376 1183 408 1242 &
431 1182 469 1241 eb
490 1181 669 1241 tolerabilior
686 1178 773 1241 esset:
795 1203 873 1243 nunc
900 1251 904 1263 Ι

186 1264 258 1324 nihil
285 1263 348 1338 est,
367 1262 448 1343 quod
469 1261 634 1323 consoletur
644 1279 659 1333 ;-
678 1262 732 1320 nisi
757 1263 827 1342 quid
846 1278 879 1324 tu

185 1343 297 1420 efficis,
318 1347 342 1404 si
358 1345 451 1404 modo
470 1347 558 1405 etiarn
578 1364 655 1402 nunc
669 1340 746 1401 effici
764 1342 879 1423 potest,

185 1443 217 1486 ut
235 1447 274 1487 ne
295 1425 353 1508 qui
371 1423 506 1506 singulari
522 1423 628 1485 afficiar
649 1424 828 1498 calamitate,
846 1425 880 1486 &

187 1503 302 1582 iniuriis.
321 1505 446 1567 Tardiirs
463 1507 499 1565 ad
515 1523 545 1566 te
561 1506 657 1566 remisi
673 1505 853 1566 tabellarium
867 1506 879 1581 ',

192 1586 275 1662 quod
293 1586 416 1665 potestas
440 1587 574 1647 mittendi
593 1606 655 1644 non
677 1584 743 1644 fuit.
771 1585 800 1645 A
821 1589 878 1648 tuis

194 1662 227 1720 ὃ(
245 1684 429 1724 nummorum
446 1668 547 1744 accepi
561 1665 633 1723 H·S
651 1683 719 1724 Lxx
740 1665 770 1723 ἃ
791 1665 880 1726 vesli-

191 1762 361 1804 mentorum
387 1745 467 1824 quod
492 1765 576 1823 opus*
593 1742 657 1801 suit.
687 1743 804 1820 Quibus
825 1748 879 1807 tibi

188 1823 360 1897 videbitur,
377 1825 466 1884 velint
488 1824 539 1884 des
562 1823 671 1882 litteras
693 1842 761 1882 meo
781 1828 883 1885 norni-

187 1925 245 1965 ne:
268 1901 342 1965 nosti
357 1924 441 1965 meos
458 1903 631 1964 familiares:
655 1905 769 1985 signurn
783 1909 882 1987 requi·

187 2002 270 2060 rent,
289 2003 337 2045 aut
353 2006 489 2045 manunt:
511 1985 590 2045 dices
611 1985 670 2058 iis,
689 2005 737 2046 me
755 2004 877 2070 propter

186 2065 329 2128 custodias
348 2087 383 2127 ea
406 2064 516 2128 vitasse.

284 2182 447 2246 Crcauo
490 2184 657 2246 Arrrco
699 2185 784 2251 San.

189 2266 361 2390 3.Qu1u
386 2304 433 2364 hic
458 2323 588 2387 agatur,
614 2305 686 2368 scire
712 2310 821 2386 poteris
840 2318 878 2370 ex

185 2408 250 2459 eo,
270 2389 320 2468 qui
337 2389 444 2446 litteras
465 2387 579 2459 attulit·;
597 2407 687 2468 quern
707 2387 811 2449 diutius
831 2405 878 2449 te-

185 2469 262 2540 nui,
281 2468 349 2546 quia
367 2466 497 2545 quotidie
517 2468 626 2547 aliquid
644 2471 715 2529 novi
733 2468 881 2550 exspesla·

185 2550 311 2609 bamus:
333 2565 429 2627 neque
451 2567 526 2606 nunc
548 2550 682 2610 mittendi
699 2566 797 2610 tamen
816 2549 876 2610 ulla

189 2625 272 2686 causa
290 2625 367 2699 suit,
390 2644 493 2707 praeter
514 2647 599 2702 eam,
621 2631 658 2692 de
678 2652 735 2711 qua
758 2631 811 2691 tibi
828 2650 879 2690 re-

185 2706 271 2769 scribi
290 2707 415 2769 voluisti.
434 2707 528 2787 Quod
546 2710 583 2770 ad
600 2711 667 2771 Kal.
688 2710 795 2790 Quint.
811 2730 881 2789 per·

186 2792 282 2862 tinet,
301 2789 370 2870 quid
390 2789 516 2871 vellem3
538 2809 691 2873 utrumque
713 2811 800 2874 grave
817 2787 880 2861 est,

187 2869 220 2933 &
243 2886 303 2931 tatu
326 2873 407 2954 gravi
427 2888 586 2955 ternpore,
608 2874 769 3011 pericxlurn
791 2885 879 2929 tantae

730 2971 761 3030 11]

874 2856 976 3410 ι’
