<?xml version="1.0" encoding="UTF-8"?>
<!DOCTYPE html PUBLIC "-//W3C//DTD XHTML 1.0 Transitional//EN"
    "http://www.w3.org/TR/xhtml1/DTD/xhtml1-transitional.dtd">
<html xmlns="http://www.w3.org/1999/xhtml" xml:lang="en" lang="en">
 <head>
  <title>
</title>
<meta http-equiv="Content-Type" content="text/html;charset=utf-8" />
  <meta name='ocr-system' content='tesseract 3.04.00' />
  <meta name='ocr-capabilities' content='ocr_page ocr_carea ocr_par ocr_line ocrx_word'/>
</head>
<body>
  <div class='ocr_page' id='page_1' title='image "./mtulliiciceroni02lallgoog/mtulliiciceroni02lallgoog_0038.png"; bbox 0 0 2125 3784; ppageno 0'>
   <div class='ocr_carea' id='block_1_1' title="bbox 236 345 813 439">
    <p class='ocr_par' dir='ltr' id='par_1_1' title="bbox 236 345 813 439">
     <span class='ocr_line' id='line_1_1' title="bbox 236 345 813 439; baseline -0.023 -12"><span class='ocrx_word' id='word_1_1' title='bbox 236 375 295 427; x_wconf 75' lang='lat' dir='ltr'>An</span> <span class='ocrx_word' id='word_1_2' title='bbox 313 356 521 426; x_wconf 76' lang='lat' dir='ltr'>Arcccvrr</span> <span class='ocrx_word' id='word_1_3' title='bbox 532 348 621 419; x_wconf 80' lang='lat' dir='ltr'>Lrn.</span> <span class='ocrx_word' id='word_1_4' title='bbox 636 345 706 415; x_wconf 85' lang='lat' dir='ltr'>XI.</span> <span class='ocrx_word' id='word_1_5' title='bbox 768 368 813 439; x_wconf 87' lang='lat'>27</span> 
     </span>
    </p>
   </div>
   <div class='ocr_carea' id='block_1_2' title="bbox 104 460 885 2878">
    <p class='ocr_par' dir='ltr' id='par_1_2' title="bbox 125 460 884 873">
     <span class='ocr_line' id='line_1_2' title="bbox 125 460 884 552; baseline -0.016 -20"><span class='ocrx_word' id='word_1_6' title='bbox 125 468 274 552; x_wconf 80' lang='lat' dir='ltr'>superest,</span> <span class='ocrx_word' id='word_1_7' title='bbox 293 469 384 530; x_wconf 89' lang='lat' dir='ltr'>velim</span> <span class='ocrx_word' id='word_1_8' title='bbox 402 466 501 528; x_wconf 82' lang='lat' dir='ltr'>videas</span> <span class='ocrx_word' id='word_1_9' title='bbox 521 481 553 523; x_wconf 90' lang='lat' dir='ltr'>ut</span> <span class='ocrx_word' id='word_1_10' title='bbox 572 483 692 526; x_wconf 72' lang='lat' dir='ltr'>curetur,</span> <span class='ocrx_word' id='word_1_11' title='bbox 713 460 816 541; x_wconf 89' lang='lat' dir='ltr'>Quin·</span> <span class='ocrx_word' id='word_1_12' title='bbox 880 497 884 505; x_wconf 51' lang='grc' dir='ltr'><em>ι</em></span> 
     </span>
     <span class='ocr_line' id='line_1_3' title="bbox 126 541 815 628; baseline -0.015 -16"><span class='ocrx_word' id='word_1_13' title='bbox 126 571 174 614; x_wconf 81' lang='lat' dir='ltr'>tus</span> <span class='ocrx_word' id='word_1_14' title='bbox 196 571 259 609; x_wconf 92' lang='lat' dir='ltr'>non</span> <span class='ocrx_word' id='word_1_15' title='bbox 280 548 372 609; x_wconf 82' lang='lat' dir='ltr'>modi)</span> <span class='ocrx_word' id='word_1_16' title='bbox 390 568 450 606; x_wconf 94' lang='lat' dir='ltr'>non</span> <span class='ocrx_word' id='word_1_17' title='bbox 468 564 533 604; x_wconf 91' lang='lat' dir='ltr'>cum</span> <span class='ocrx_word' id='word_1_18' title='bbox 552 564 657 628; x_wconf 75' lang='lat' dir='ltr'>magna</span> <span class='ocrx_word' id='word_1_19' title='bbox 672 564 760 624; x_wconf 82' lang='lat' dir='ltr'>prece</span> <span class='ocrx_word' id='word_1_20' title='bbox 776 541 815 603; x_wconf 87' lang='lat' dir='ltr'>ad</span> 
     </span>
     <span class='ocr_line' id='line_1_4' title="bbox 131 623 816 704; baseline -0.006 -15"><span class='ocrx_word' id='word_1_21' title='bbox 131 649 203 702; x_wconf 87' lang='lat' dir='ltr'>me,</span> <span class='ocrx_word' id='word_1_22' title='bbox 225 627 273 689; x_wconf 92' lang='lat' dir='ltr'>sed</span> <span class='ocrx_word' id='word_1_23' title='bbox 294 626 477 689; x_wconf 71' lang='lat' dir='ltr'>acerbissime</span> <span class='ocrx_word' id='word_1_24' title='bbox 494 624 603 704; x_wconf 79' lang='lat' dir='ltr'>scripsit</span> <span class='ocrx_word' id='word_1_25' title='bbox 621 645 631 698; x_wconf 93' lang='lat'>;</span> <span class='ocrx_word' id='word_1_26' title='bbox 647 623 721 686; x_wconf 86' lang='lat' dir='ltr'>filius</span> <span class='ocrx_word' id='word_1_27' title='bbox 743 624 816 686; x_wconf 77' lang='lat' dir='ltr'>ver&#39;o</span> 
     </span>
     <span class='ocr_line' id='line_1_5' title="bbox 132 704 817 787; baseline -0.006 -17"><span class='ocrx_word' id='word_1_28' title='bbox 132 707 253 770; x_wconf 79' lang='lat' dir='ltr'>mirilico</span> <span class='ocrx_word' id='word_1_29' title='bbox 266 709 355 772; x_wconf 88' lang='lat' dir='ltr'>odio:</span> <span class='ocrx_word' id='word_1_30' title='bbox 372 708 441 767; x_wconf 91' lang='lat' dir='ltr'>nihil</span> <span class='ocrx_word' id='word_1_31' title='bbox 457 705 527 787; x_wconf 82' lang='lat' dir='ltr'>fingi</span> <span class='ocrx_word' id='word_1_32' title='bbox 546 704 639 784; x_wconf 87' lang='lat' dir='ltr'>potest</span> <span class='ocrx_word' id='word_1_33' title='bbox 653 707 740 778; x_wconf 87' lang='lat' dir='ltr'>mali,</span> <span class='ocrx_word' id='word_1_34' title='bbox 756 725 817 786; x_wconf 89' lang='lat' dir='ltr'>quo</span> 
     </span>
     <span class='ocr_line' id='line_1_6' title="bbox 132 785 818 873; baseline -0.007 -23"><span class='ocrx_word' id='word_1_35' title='bbox 132 811 194 850; x_wconf 88' lang='lat' dir='ltr'>non</span> <span class='ocrx_word' id='word_1_36' title='bbox 214 811 324 873; x_wconf 83' lang='lat' dir='ltr'>urgear.</span> <span class='ocrx_word' id='word_1_37' title='bbox 345 787 456 850; x_wconf 84' lang='lat' dir='ltr'>Omnia</span> <span class='ocrx_word' id='word_1_38' title='bbox 470 804 570 848; x_wconf 86' lang='lat' dir='ltr'>tamen</span> <span class='ocrx_word' id='word_1_39' title='bbox 590 785 653 846; x_wconf 90' lang='lat' dir='ltr'>sunt</span> <span class='ocrx_word' id='word_1_40' title='bbox 669 785 818 860; x_wconf 76' lang='lat' dir='ltr'>faciliora,</span> 
     </span>
    </p>

    <p class='ocr_par' dir='ltr' id='par_1_3' title="bbox 104 865 885 2878">
     <span class='ocr_line' id='line_1_7' title="bbox 173 865 819 951; baseline -0.008 -20"><span class='ocrx_word' id='word_1_41' title='bbox 173 868 218 931; x_wconf 68' lang='lat' dir='ltr'>*arn</span> <span class='ocrx_word' id='word_1_42' title='bbox 234 873 346 951; x_wconf 85' lang='lat' dir='ltr'>peccati</span> <span class='ocrx_word' id='word_1_43' title='bbox 363 869 471 939; x_wconf 85' lang='lat' dir='ltr'>dolor,</span> <span class='ocrx_word' id='word_1_44' title='bbox 488 869 539 947; x_wconf 90' lang='lat' dir='ltr'>qui</span> <span class='ocrx_word' id='word_1_45' title='bbox 557 866 588 925; x_wconf 76' lang='grc' dir='ltr'>ὃ(</span> <span class='ocrx_word' id='word_1_46' title='bbox 603 869 743 927; x_wconf 81' lang='lat' dir='ltr'>maximus</span> <span class='ocrx_word' id='word_1_47' title='bbox 759 865 819 940; x_wconf 77' lang='lat' dir='ltr'>est,</span> 
     </span>
     <span class='ocr_line' id='line_1_8' title="bbox 132 889 820 1029; baseline -0.007 -17"><span class='ocrx_word' id='word_1_48' title='bbox 132 889 325 1024; x_wconf 52' lang='lat' dir='ltr'>fflaetemuu</span> <span class='ocrx_word' id='word_1_49' title='bbox 347 949 426 1029; x_wconf 80' lang='lat' dir='ltr'>cujus</span> <span class='ocrx_word' id='word_1_50' title='bbox 441 949 555 1028; x_wconf 88' lang='lat' dir='ltr'>peccati</span> <span class='ocrx_word' id='word_1_51' title='bbox 576 947 601 1007; x_wconf 87' lang='lat' dir='ltr'>si</span> <span class='ocrx_word' id='word_1_52' title='bbox 615 947 708 1009; x_wconf 84' lang='lat' dir='ltr'>socios</span> <span class='ocrx_word' id='word_1_53' title='bbox 729 943 820 1007; x_wconf 81' lang='lat' dir='ltr'>ellem</span> 
     </span>
     <span class='ocr_line' id='line_1_9' title="bbox 130 1025 822 1113; baseline -0.004 -22"><span class='ocrx_word' id='word_1_54' title='bbox 130 1029 278 1092; x_wconf 81' lang='lat' dir='ltr'>habiturus</span> <span class='ocrx_word' id='word_1_55' title='bbox 301 1052 382 1113; x_wconf 85' lang='lat' dir='ltr'>ego,</span> <span class='ocrx_word' id='word_1_56' title='bbox 402 1051 477 1111; x_wconf 86' lang='lat' dir='ltr'>quos</span> <span class='ocrx_word' id='word_1_57' title='bbox 497 1030 618 1108; x_wconf 82' lang='lat' dir='ltr'>putavi,</span> <span class='ocrx_word' id='word_1_58' title='bbox 637 1045 736 1089; x_wconf 84' lang='lat' dir='ltr'>tamen</span> <span class='ocrx_word' id='word_1_59' title='bbox 751 1025 822 1088; x_wconf 85' lang='lat' dir='ltr'>ellet</span> 
     </span>
     <span class='ocr_line' id='line_1_10' title="bbox 131 1107 823 1172; baseline -0.007 -1"><span class='ocrx_word' id='word_1_60' title='bbox 131 1110 292 1172; x_wconf 87' lang='lat' dir='ltr'>consolatio</span> <span class='ocrx_word' id='word_1_61' title='bbox 314 1112 425 1171; x_wconf 87' lang='lat' dir='ltr'>tenuis:</span> <span class='ocrx_word' id='word_1_62' title='bbox 446 1107 496 1169; x_wconf 91' lang='lat' dir='ltr'>sed</span> <span class='ocrx_word' id='word_1_63' title='bbox 515 1108 603 1168; x_wconf 80' lang='lat' dir='ltr'>habet</span> <span class='ocrx_word' id='word_1_64' title='bbox 620 1110 742 1169; x_wconf 79' lang='lat' dir='ltr'>aliorum</span> <span class='ocrx_word' id='word_1_65' title='bbox 760 1128 823 1167; x_wconf 89' lang='lat' dir='ltr'>orn·</span> 
     </span>
     <span class='ocr_line' id='line_1_11' title="bbox 131 1187 825 1262; baseline -0.007 -11"><span class='ocrx_word' id='word_1_66' title='bbox 131 1193 215 1251; x_wconf 89' lang='lat' dir='ltr'>nium</span> <span class='ocrx_word' id='word_1_67' title='bbox 233 1194 306 1251; x_wconf 82' lang='lat' dir='ltr'>ratio</span> <span class='ocrx_word' id='word_1_68' title='bbox 325 1194 459 1262; x_wconf 82' lang='lat' dir='ltr'>exitum,</span> <span class='ocrx_word' id='word_1_69' title='bbox 476 1206 542 1248; x_wconf 83' lang='lat' dir='ltr'>rnea</span> <span class='ocrx_word' id='word_1_70' title='bbox 560 1187 691 1248; x_wconf 90' lang='lat' dir='ltr'>nullum:</span> <span class='ocrx_word' id='word_1_71' title='bbox 707 1189 763 1246; x_wconf 59' lang='lat' dir='ltr'>alii*</span> <span class='ocrx_word' id='word_1_72' title='bbox 775 1208 825 1247; x_wconf 82' lang='lat' dir='ltr'>ca-</span> 
     </span>
     <span class='ocr_line' id='line_1_12' title="bbox 132 1268 821 1353; baseline 0 -24"><span class='ocrx_word' id='word_1_73' title='bbox 132 1274 196 1353; x_wconf 87' lang='lat' dir='ltr'>pti,</span> <span class='ocrx_word' id='word_1_74' title='bbox 216 1273 264 1330; x_wconf 86' lang='lat' dir='ltr'>alii</span> <span class='ocrx_word' id='word_1_75' title='bbox 281 1271 427 1332; x_wconf 84' lang='lat' dir='ltr'>interclusi</span> <span class='ocrx_word' id='word_1_76' title='bbox 442 1290 501 1330; x_wconf 92' lang='lat' dir='ltr'>non</span> <span class='ocrx_word' id='word_1_77' title='bbox 517 1271 640 1329; x_wconf 86' lang='lat' dir='ltr'>veniunt</span> <span class='ocrx_word' id='word_1_78' title='bbox 655 1271 684 1328; x_wconf 92' lang='lat' dir='ltr'>in</span> <span class='ocrx_word' id='word_1_79' title='bbox 701 1268 821 1330; x_wconf 88' lang='lat' dir='ltr'>dubium</span> 
     </span>
     <span class='ocr_line' id='line_1_13' title="bbox 133 1349 834 1432; baseline -0.004 -20"><span class='ocrx_word' id='word_1_80' title='bbox 133 1351 171 1412; x_wconf 89' lang='lat' dir='ltr'>de</span> <span class='ocrx_word' id='word_1_81' title='bbox 197 1353 376 1426; x_wconf 87' lang='lat' dir='ltr'>voluntate,</span> <span class='ocrx_word' id='word_1_82' title='bbox 399 1351 438 1412; x_wconf 77' lang='lat' dir='ltr'>ed</span> <span class='ocrx_word' id='word_1_83' title='bbox 458 1351 553 1410; x_wconf 78' lang='lat' dir='ltr'>minus</span> <span class='ocrx_word' id='word_1_84' title='bbox 574 1349 709 1423; x_wconf 85' lang='lat' dir='ltr'>scilicet,</span> <span class='ocrx_word' id='word_1_85' title='bbox 730 1370 834 1432; x_wconf 50' lang='lat' dir='ltr'>quum„</span> 
     </span>
     <span class='ocr_line' id='line_1_14' title="bbox 135 1425 885 1512; baseline -0.003 -20"><span class='ocrx_word' id='word_1_86' title='bbox 135 1431 163 1492; x_wconf 86' lang='lat' dir='ltr'>se</span> <span class='ocrx_word' id='word_1_87' title='bbox 185 1433 390 1512; x_wconf 83' lang='lat' dir='ltr'>expedierint,</span> <span class='ocrx_word' id='word_1_88' title='bbox 412 1433 444 1491; x_wconf 84' lang='lat' dir='ltr'>dc</span> <span class='ocrx_word' id='word_1_89' title='bbox 463 1431 522 1491; x_wconf 74' lang='lat' dir='ltr'>und</span> <span class='ocrx_word' id='word_1_90' title='bbox 545 1428 602 1492; x_wconf 84' lang='lat' dir='ltr'>esse</span> <span class='ocrx_word' id='word_1_91' title='bbox 621 1432 783 1511; x_wconf 80' lang='lat' dir='ltr'>coeperint:</span> <span class='ocrx_word' id='word_1_92' title='bbox 802 1425 827 1490; x_wconf 86' lang='lat' dir='ltr'>il</span> <span class='ocrx_word' id='word_1_93' title='bbox 880 1454 885 1463; x_wconf 90' lang='lat'>·</span> 
     </span>
     <span class='ocr_line' id='line_1_15' title="bbox 137 1509 823 1594; baseline 0 -25"><span class='ocrx_word' id='word_1_94' title='bbox 137 1529 235 1570; x_wconf 86' lang='lat' dir='ltr'>autem</span> <span class='ocrx_word' id='word_1_95' title='bbox 254 1514 310 1592; x_wconf 84' lang='lat' dir='ltr'>ipsi</span> <span class='ocrx_word' id='word_1_96' title='bbox 330 1515 380 1594; x_wconf 91' lang='lat' dir='ltr'>qui</span> <span class='ocrx_word' id='word_1_97' title='bbox 405 1510 453 1571; x_wconf 70' lang='lat' dir='ltr'>sud</span> <span class='ocrx_word' id='word_1_98' title='bbox 474 1511 628 1573; x_wconf 79' lang='lat' dir='ltr'>voluntate</span> <span class='ocrx_word' id='word_1_99' title='bbox 650 1512 688 1570; x_wconf 83' lang='lat' dir='ltr'>ad</span> <span class='ocrx_word' id='word_1_100' title='bbox 707 1509 823 1575; x_wconf 82' lang='lat' dir='ltr'>Fufium</span> 
     </span>
     <span class='ocr_line' id='line_1_16' title="bbox 139 1589 827 1669; baseline 0.004 -22"><span class='ocrx_word' id='word_1_101' title='bbox 139 1608 308 1663; x_wconf 82' lang='lat' dir='ltr'>venerunt,</span> <span class='ocrx_word' id='word_1_102' title='bbox 325 1592 397 1650; x_wconf 87' lang='lat' dir='ltr'>nihil</span> <span class='ocrx_word' id='word_1_103' title='bbox 413 1589 527 1669; x_wconf 80' lang='lat' dir='ltr'>poliunt</span> <span class='ocrx_word' id='word_1_104' title='bbox 541 1592 596 1648; x_wconf 86' lang='lat' dir='ltr'>nisi</span> <span class='ocrx_word' id='word_1_105' title='bbox 612 1591 706 1650; x_wconf 81' lang='lat' dir='ltr'>timidi</span> <span class='ocrx_word' id='word_1_106' title='bbox 725 1589 827 1650; x_wconf 80' lang='lat' dir='ltr'>existi·</span> 
     </span>
     <span class='ocr_line' id='line_1_17' title="bbox 151 1667 826 1748; baseline 0.003 -22"><span class='ocrx_word' id='word_1_107' title='bbox 151 1668 226 1727; x_wconf 88' lang='lat' dir='ltr'>mari</span> <span class='ocrx_word' id='word_1_108' title='bbox 240 1669 344 1729; x_wconf 85' lang='lat' dir='ltr'>:multi</span> <span class='ocrx_word' id='word_1_109' title='bbox 365 1686 461 1729; x_wconf 80' lang='lat' dir='ltr'>autem</span> <span class='ocrx_word' id='word_1_110' title='bbox 483 1667 571 1738; x_wconf 83' lang='lat' dir='ltr'>sunt,</span> <span class='ocrx_word' id='word_1_111' title='bbox 590 1671 664 1746; x_wconf 83' lang='lat' dir='ltr'>qui,</span> <span class='ocrx_word' id='word_1_112' title='bbox 684 1689 826 1748; x_wconf 87' lang='lat' dir='ltr'>quocum·</span> 
     </span>
     <span class='ocr_line' id='line_1_18' title="bbox 140 1745 828 1829; baseline 0 -21"><span class='ocrx_word' id='word_1_113' title='bbox 140 1767 201 1829; x_wconf 87' lang='lat' dir='ltr'>que</span> <span class='ocrx_word' id='word_1_114' title='bbox 230 1748 324 1809; x_wconf 91' lang='lat' dir='ltr'>modo</span> <span class='ocrx_word' id='word_1_115' title='bbox 347 1748 384 1807; x_wconf 85' lang='lat' dir='ltr'>ad</span> <span class='ocrx_word' id='word_1_116' title='bbox 409 1748 473 1808; x_wconf 89' lang='lat' dir='ltr'>illos</span> <span class='ocrx_word' id='word_1_117' title='bbox 492 1745 522 1806; x_wconf 88' lang='lat' dir='ltr'>se</span> <span class='ocrx_word' id='word_1_118' title='bbox 543 1749 673 1826; x_wconf 87' lang='lat' dir='ltr'>recipere</span> <span class='ocrx_word' id='word_1_119' title='bbox 698 1747 828 1821; x_wconf 79' lang='lat' dir='ltr'>volent,</span> 
     </span>
     <span class='ocr_line' id='line_1_19' title="bbox 137 1827 827 1907; baseline 0.003 -18"><span class='ocrx_word' id='word_1_120' title='bbox 137 1831 198 1890; x_wconf 84' lang='lat' dir='ltr'>reci</span> <span class='ocrx_word' id='word_1_121' title='bbox 219 1831 324 1890; x_wconf 81' lang='lat' dir='ltr'>ienrur.</span> <span class='ocrx_word' id='word_1_122' title='bbox 340 1827 416 1907; x_wconf 83' lang='lat' dir='ltr'>Qud</span> <span class='ocrx_word' id='word_1_123' title='bbox 429 1829 522 1887; x_wconf 82' lang='lat' dir='ltr'>minlrs</span> <span class='ocrx_word' id='word_1_124' title='bbox 538 1827 628 1888; x_wconf 85' lang='lat' dir='ltr'>debes</span> <span class='ocrx_word' id='word_1_125' title='bbox 639 1828 753 1902; x_wconf 85' lang='lat' dir='ltr'>mirari,</span> <span class='ocrx_word' id='word_1_126' title='bbox 766 1848 827 1891; x_wconf 85' lang='lat' dir='ltr'>non</span> 
     </span>
     <span class='ocr_line' id='line_1_20' title="bbox 139 1905 827 1991; baseline 0 -20"><span class='ocrx_word' id='word_1_127' title='bbox 139 1930 181 1991; x_wconf 89' lang='lat' dir='ltr'>po</span> <span class='ocrx_word' id='word_1_128' title='bbox 204 1929 221 1970; x_wconf 87' lang='lat' dir='ltr'>e</span> <span class='ocrx_word' id='word_1_129' title='bbox 248 1929 295 1970; x_wconf 89' lang='lat' dir='ltr'>me</span> <span class='ocrx_word' id='word_1_130' title='bbox 321 1926 402 1970; x_wconf 82' lang='lat' dir='ltr'>tanto</span> <span class='ocrx_word' id='word_1_131' title='bbox 431 1908 527 1968; x_wconf 86' lang='lat' dir='ltr'>dolori</span> <span class='ocrx_word' id='word_1_132' title='bbox 555 1905 714 1969; x_wconf 73' lang='lat' dir='ltr'>resistere:</span> <span class='ocrx_word' id='word_1_133' title='bbox 740 1908 827 1972; x_wconf 81' lang='lat' dir='ltr'>solius</span> 
     </span>
     <span class='ocr_line' id='line_1_21' title="bbox 139 1989 825 2071; baseline 0 -19"><span class='ocrx_word' id='word_1_134' title='bbox 139 1993 220 2052; x_wconf 88' lang='lat' dir='ltr'>enim</span> <span class='ocrx_word' id='word_1_135' title='bbox 236 2011 335 2051; x_wconf 88' lang='lat' dir='ltr'>meum</span> <span class='ocrx_word' id='word_1_136' title='bbox 352 2007 501 2070; x_wconf 88' lang='lat' dir='ltr'>peccatum</span> <span class='ocrx_word' id='word_1_137' title='bbox 519 1991 624 2071; x_wconf 84' lang='lat' dir='ltr'>corrigi</span> <span class='ocrx_word' id='word_1_138' title='bbox 638 2010 698 2050; x_wconf 90' lang='lat' dir='ltr'>non</span> <span class='ocrx_word' id='word_1_139' title='bbox 714 1989 825 2071; x_wconf 84' lang='lat' dir='ltr'>potest,</span> 
     </span>
     <span class='ocr_line' id='line_1_22' title="bbox 141 2067 828 2148; baseline 0.003 -16"><span class='ocrx_word' id='word_1_140' title='bbox 141 2071 175 2132; x_wconf 88' lang='lat'>&amp;</span> <span class='ocrx_word' id='word_1_141' title='bbox 195 2069 309 2131; x_wconf 87' lang='lat' dir='ltr'>fortalle</span> <span class='ocrx_word' id='word_1_142' title='bbox 330 2069 431 2131; x_wconf 88' lang='lat' dir='ltr'>Laelii:</span> <span class='ocrx_word' id='word_1_143' title='bbox 453 2067 504 2130; x_wconf 89' lang='lat' dir='ltr'>sed</span> <span class='ocrx_word' id='word_1_144' title='bbox 524 2069 596 2148; x_wconf 90' lang='lat' dir='ltr'>quid</span> <span class='ocrx_word' id='word_1_145' title='bbox 612 2089 660 2132; x_wconf 88' lang='lat' dir='ltr'>me</span> <span class='ocrx_word' id='word_1_146' title='bbox 682 2071 710 2130; x_wconf 94' lang='lat' dir='ltr'>id</span> <span class='ocrx_word' id='word_1_147' title='bbox 727 2074 828 2134; x_wconf 72' lang='lat' dir='ltr'>levat?</span> 
     </span>
     <span class='ocr_line' id='line_1_23' title="bbox 138 2147 824 2230; baseline 0 -18"><span class='ocrx_word' id='word_1_148' title='bbox 138 2172 209 2212; x_wconf 86' lang='lat' dir='ltr'>narn</span> <span class='ocrx_word' id='word_1_149' title='bbox 228 2149 266 2211; x_wconf 88' lang='lat' dir='ltr'>C.</span> <span class='ocrx_word' id='word_1_150' title='bbox 282 2152 400 2230; x_wconf 88' lang='lat' dir='ltr'>quidem</span> <span class='ocrx_word' id='word_1_151' title='bbox 417 2147 553 2211; x_wconf 85' lang='lat' dir='ltr'>Cassium</span> <span class='ocrx_word' id='word_1_152' title='bbox 574 2153 654 2211; x_wconf 86' lang='lat' dir='ltr'>aiunt</span> <span class='ocrx_word' id='word_1_153' title='bbox 671 2154 824 2213; x_wconf 84' lang='lat' dir='ltr'>consilium</span> 
     </span>
     <span class='ocr_line' id='line_1_24' title="bbox 104 2229 826 2306; baseline 0.003 -13"><span class='ocrx_word' id='word_1_154' title='bbox 104 2256 109 2265; x_wconf 64' lang='lat'><strong><em>⁴</em></strong></span> <span class='ocrx_word' id='word_1_155' title='bbox 140 2231 350 2306; x_wconf 67' lang='lat' dir='ltr'>Alexandriam</span> <span class='ocrx_word' id='word_1_156' title='bbox 362 2231 455 2292; x_wconf 66' lang='lat' dir='ltr'>&#39;eundi</span> <span class='ocrx_word' id='word_1_157' title='bbox 477 2229 637 2291; x_wconf 85' lang='lat' dir='ltr'>muraville.</span> <span class='ocrx_word' id='word_1_158' title='bbox 652 2231 725 2291; x_wconf 84' lang='lat' dir='ltr'>Haec</span> <span class='ocrx_word' id='word_1_159' title='bbox 744 2234 780 2293; x_wconf 89' lang='lat' dir='ltr'>ad</span> <span class='ocrx_word' id='word_1_160' title='bbox 796 2252 826 2295; x_wconf 83' lang='lat' dir='ltr'>te</span> 
     </span>
     <span class='ocr_line' id='line_1_25' title="bbox 141 2311 827 2392; baseline 0.001 -19"><span class='ocrx_word' id='word_1_161' title='bbox 141 2311 259 2385; x_wconf 79' lang='lat' dir='ltr'>scribo,</span> <span class='ocrx_word' id='word_1_162' title='bbox 282 2333 343 2373; x_wconf 93' lang='lat' dir='ltr'>non</span> <span class='ocrx_word' id='word_1_163' title='bbox 366 2328 397 2373; x_wconf 92' lang='lat' dir='ltr'>ut</span> <span class='ocrx_word' id='word_1_164' title='bbox 415 2332 503 2392; x_wconf 79' lang='lat' dir='ltr'>queas</span> <span class='ocrx_word' id='word_1_165' title='bbox 523 2330 555 2371; x_wconf 91' lang='lat' dir='ltr'>tu</span> <span class='ocrx_word' id='word_1_166' title='bbox 577 2312 696 2373; x_wconf 87' lang='lat' dir='ltr'>demere</span> <span class='ocrx_word' id='word_1_167' title='bbox 716 2311 827 2374; x_wconf 81' lang='lat' dir='ltr'>sollici-</span> 
     </span>
     <span class='ocr_line' id='line_1_26' title="bbox 142 2390 828 2476; baseline 0.003 -22"><span class='ocrx_word' id='word_1_168' title='bbox 142 2393 276 2454; x_wconf 85' lang='lat' dir='ltr'>tudinem</span> <span class='ocrx_word' id='word_1_169' title='bbox 297 2437 307 2464; x_wconf 85' lang='lat'>,</span> <span class='ocrx_word' id='word_1_170' title='bbox 327 2391 377 2452; x_wconf 88' lang='lat' dir='ltr'>sed</span> <span class='ocrx_word' id='word_1_171' title='bbox 393 2413 426 2452; x_wconf 90' lang='lat' dir='ltr'>ut</span> <span class='ocrx_word' id='word_1_172' title='bbox 448 2390 649 2472; x_wconf 81' lang='lat' dir='ltr'>cognoscam,</span> <span class='ocrx_word' id='word_1_173' title='bbox 671 2394 776 2476; x_wconf 88' lang='lat' dir='ltr'>ecquid</span> <span class='ocrx_word' id='word_1_174' title='bbox 793 2414 828 2458; x_wconf 84' lang='lat' dir='ltr'>tu</span> 
     </span>
     <span class='ocr_line' id='line_1_27' title="bbox 143 2469 827 2557; baseline 0.004 -23"><span class='ocrx_word' id='word_1_175' title='bbox 143 2473 181 2535; x_wconf 84' lang='lat' dir='ltr'>ad</span> <span class='ocrx_word' id='word_1_176' title='bbox 200 2493 236 2533; x_wconf 82' lang='lat' dir='ltr'>ea</span> <span class='ocrx_word' id='word_1_177' title='bbox 251 2469 370 2544; x_wconf 85' lang='lat' dir='ltr'>afferas,</span> <span class='ocrx_word' id='word_1_178' title='bbox 383 2491 447 2551; x_wconf 84' lang='lat' dir='ltr'>quae</span> <span class='ocrx_word' id='word_1_179' title='bbox 463 2492 512 2532; x_wconf 84' lang='lat' dir='ltr'>rne</span> <span class='ocrx_word' id='word_1_180' title='bbox 525 2469 696 2548; x_wconf 80' lang='lat' dir='ltr'>conficiunt3</span> <span class='ocrx_word' id='word_1_181' title='bbox 710 2476 748 2535; x_wconf 85' lang='lat' dir='ltr'>ad</span> <span class='ocrx_word' id='word_1_182' title='bbox 762 2497 827 2557; x_wconf 75' lang='lat' dir='ltr'>qrrae</span> 
     </span>
     <span class='ocr_line' id='line_1_28' title="bbox 145 2552 830 2636; baseline 0.009 -23"><span class='ocrx_word' id='word_1_183' title='bbox 145 2572 236 2634; x_wconf 82' lang='lat' dir='ltr'>gener</span> <span class='ocrx_word' id='word_1_184' title='bbox 250 2552 384 2625; x_wconf 84' lang='lat' dir='ltr'>accedit,</span> <span class='ocrx_word' id='word_1_185' title='bbox 399 2553 431 2612; x_wconf 90' lang='lat'>&amp;</span> <span class='ocrx_word' id='word_1_186' title='bbox 446 2569 558 2628; x_wconf 82' lang='lat' dir='ltr'>cetera,</span> <span class='ocrx_word' id='word_1_187' title='bbox 573 2573 637 2635; x_wconf 88' lang='lat' dir='ltr'>quae</span> <span class='ocrx_word' id='word_1_188' title='bbox 651 2554 719 2616; x_wconf 87' lang='lat' dir='ltr'>fletu</span> <span class='ocrx_word' id='word_1_189' title='bbox 736 2560 830 2636; x_wconf 84' lang='lat' dir='ltr'>repri-</span> 
     </span>
     <span class='ocr_line' id='line_1_29' title="bbox 145 2632 828 2718; baseline 0.006 -25"><span class='ocrx_word' id='word_1_190' title='bbox 145 2652 212 2693; x_wconf 89' lang='lat' dir='ltr'>mor</span> <span class='ocrx_word' id='word_1_191' title='bbox 233 2653 270 2693; x_wconf 86' lang='lat' dir='ltr'>ne</span> <span class='ocrx_word' id='word_1_192' title='bbox 290 2632 428 2693; x_wconf 87' lang='lat' dir='ltr'>scribam:</span> <span class='ocrx_word' id='word_1_193' title='bbox 447 2635 517 2715; x_wconf 90' lang='lat' dir='ltr'>quin</span> <span class='ocrx_word' id='word_1_194' title='bbox 532 2636 620 2695; x_wconf 87' lang='lat' dir='ltr'>etiam</span> <span class='ocrx_word' id='word_1_195' title='bbox 637 2636 738 2718; x_wconf 82' lang='lat' dir='ltr'>AEsopi</span> <span class='ocrx_word' id='word_1_196' title='bbox 751 2636 828 2697; x_wconf 76' lang='lat' dir='ltr'>filius</span> 
     </span>
     <span class='ocr_line' id='line_1_30' title="bbox 145 2714 829 2796; baseline 0.001 -22"><span class='ocrx_word' id='word_1_197' title='bbox 145 2732 195 2774; x_wconf 89' lang='lat' dir='ltr'>me</span> <span class='ocrx_word' id='word_1_198' title='bbox 218 2717 383 2777; x_wconf 84' lang='lat' dir='ltr'>excruciat:</span> <span class='ocrx_word' id='word_1_199' title='bbox 405 2714 517 2795; x_wconf 83' lang='lat' dir='ltr'>prorsus</span> <span class='ocrx_word' id='word_1_200' title='bbox 539 2718 610 2776; x_wconf 85' lang='lat' dir='ltr'>nihil</span> <span class='ocrx_word' id='word_1_201' title='bbox 631 2715 734 2793; x_wconf 84' lang='lat' dir='ltr'>abest,</span> <span class='ocrx_word' id='word_1_202' title='bbox 760 2719 829 2796; x_wconf 86' lang='lat' dir='ltr'>q&#39;uin</span> 
     </span>
     <span class='ocr_line' id='line_1_31' title="bbox 147 2792 848 2878; baseline -0.006 -22"><span class='ocrx_word' id='word_1_203' title='bbox 147 2797 202 2856; x_wconf 76' lang='lat' dir='ltr'>sim</span> <span class='ocrx_word' id='word_1_204' title='bbox 217 2792 399 2857; x_wconf 83' lang='lat' dir='ltr'>miserrimus.</span> <span class='ocrx_word' id='word_1_205' title='bbox 413 2794 471 2857; x_wconf 84' lang='lat' dir='ltr'>Sed</span> <span class='ocrx_word' id='word_1_206' title='bbox 488 2796 525 2857; x_wconf 84' lang='lat' dir='ltr'>ad</span> <span class='ocrx_word' id='word_1_207' title='bbox 541 2800 665 2878; x_wconf 87' lang='lat' dir='ltr'>primurn</span> <span class='ocrx_word' id='word_1_208' title='bbox 681 2816 848 2869; x_wconf 85' lang='lat' dir='ltr'>revertor,-</span> 
     </span>
    </p>
   </div>
   <div class='ocr_carea' id='block_1_3' title="bbox 149 2874 831 3034">
    <p class='ocr_par' dir='ltr' id='par_1_4' title="bbox 149 2874 831 3034">
     <span class='ocr_line' id='line_1_32' title="bbox 149 2874 831 3034; baseline -0.003 -97"><span class='ocrx_word' id='word_1_209' title='bbox 149 2874 217 2955; x_wconf 85' lang='lat' dir='ltr'>quid</span> <span class='ocrx_word' id='word_1_210' title='bbox 238 2892 323 2958; x_wconf 76' lang='lat' dir='ltr'>putes</span> <span class='ocrx_word' id='word_1_211' title='bbox 341 2874 535 2950; x_wconf 66' lang='lat' dir='ltr'>faciendum</span> <span class='ocrx_word' id='word_1_212' title='bbox 560 2877 714 3034; x_wconf 66' lang='lat' dir='ltr'>occnerkniei</span> <span class='ocrx_word' id='word_1_213' title='bbox 733 2875 831 2955; x_wconf 79' lang='lat' dir='ltr'>aliqui&gt;</span> 
     </span>
    </p>
   </div>
   <div class='ocr_carea' id='block_1_4' title="bbox 0 0 1099 3784">
    <p class='ocr_par' dir='ltr' id='par_1_5' title="bbox 0 0 1099 3784">
     <span class='ocr_line' id='line_1_33' title="bbox 0 0 1099 3784; baseline 0 0"><span class='ocrx_word' id='word_1_214' title='bbox 0 0 1099 3784; x_wconf 95' lang='lat' dir='ltr'> </span> 
     </span>
    </p>
   </div>
  </div>
 </body>
</html>
