2125 3784
182 323 211 419 6
363 345 667 412 Errsrora

182 456 343 542 pecuniae,
371 455 427 528 δι,
451 455 541 516 dubio
567 477 664 518 rerunt
684 458 792 535 exitu,
815 458 866 521 ista

183 559 270 622 quant
291 535 388 596 scribis
405 536 558 618 abruptio:
596 560 663 601 uare
682 558 715 602 ut
732 541 809 614 alia,
825 544 866 601 sic

182 621 242 681 hoc
258 618 307 679 vel
326 618 451 678 maxim'e
473 634 529 678 tuae
550 560 620 681 fidei
642 623 869 684 benevolentiae-

184 719 241 782 que
262 701 430 779 permitto,
459 699 491 759 &
514 700 589 761 illius
615 704 738 763 consilio
760 704 792 764 &
808 726 870 763 vo-

184 781 307 841 luntati:
326 782 372 840 cui
391 780 501 841 miserae
524 780 722 844 consuluissem
746 785 871 859 melius,

185 864 210 921 si
229 879 328 922 tecum
346 862 417 922 olim
439 861 538 923 corim
558 867 654 944 potius
675 911 685 938 ,
711 865 798 946 quim
819 886 873 946 per

185 943 318 1017 litteras,
337 942 373 1004 de
393 942 480 1005 salute
494 942 608 1019 nostra,
627 945 805 1028 fortunisque
823 947 874 1007 de-

186 1023 388 1086 liberavillem.
405 1023 501 1104 Quod
513 1046 601 1107 negas
615 1031 793 1109 praecipuum
802 1029 875 1087 mihi

188 1107 279 1169 ullum
302 1107 524 1168 incommodum
540 1109 734 1188 impendere,
754 1114 808 1170 etsi
825 1107 876 1168 ista

189 1209 236 1250 res
251 1189 321 1249 nihil
336 1189 424 1251 habet
437 1187 662 1264 consolationis,
677 1209 775 1251 tamen
785 1193 877 1250 etiam

192 1273 338 1352 praecipua
355 1272 444 1330 multa
460 1269 544 1339 sunt,
559 1289 624 1348 quae
638 1286 669 1326 tu
686 1269 818 1348 profedlb
832 1273 879 1330 vi·

192 1352 266 1425 des,
283 1368 315 1409 ut
334 1349 416 1422 sunt,
436 1349 466 1408 ὃ(
483 1350 653 1429 gravissima
668 1347 750 1421 effe,
776 1349 808 1408 &
827 1370 877 1409 me

192 1428 327 1491 facillime
349 1433 441 1490 vitate
460 1425 601 1507 potuiffe3
622 1446 657 1487 ea
674 1443 772 1487 tamen
793 1445 877 1486 erunt

193 1505 330 1584 minora,
352 1512 397 1582 si,
417 1527 450 1568 ut
466 1507 559 1566 adhuc
580 1505 685 1566 saelum
703 1505 768 1579 est,
787 1507 878 1565 admi·

194 1589 360 1650 nistratione
387 1589 436 1648 dili
457 1587 591 1667 entidque
620 1587 670 1646 tud
694 1587 879 1658 levabuntur.

194 1668 321 1732 Pecunia
338 1669 416 1752 apud
431 1609 585 1752 §gnatiunt
604 1666 664 1729 est:
681 1671 718 1729 sit
734 1692 750 1729 a
767 1689 833 1742 me,
847 1687 879 1730 ut

197 1750 255 1813 est:
275 1754 465 1835 nequeenim
485 1752 542 1811 hoc
563 1752 642 1831 quod
663 1753 777 1832 agitur,
792 1751 881 1810 vide-

196 1852 242 1898 tur
257 1837 421 1896 diuturnum
435 1831 490 1894 esse
502 1832 581 1910 polle
592 1852 601 1902 3
619 1849 650 1890 ut
661 1832 730 1891 scire
743 1830 802 1904 jam
814 1829 881 1908 pos·

198 1919 274 1989 sim,
295 1913 363 1994 qui-d
378 1910 502 1968 maxime
519 1929 594 1986 opus
608 1911 663 1967 sit:
676 1911 731 1968 etsi
741 1928 819 1990 egeo
835 1929 882 1969 re·

166 2046 170 2054 .
197 1995 253 2063 bus
275 1993 431 2062 omnibus3
449 1988 529 2068 quiid
547 1991 706 2069 is·quoque
726 1992 757 2050 in
778 1990 883 2071 augus·

198 2076 246 2135 tiis
266 2071 325 2146 est,
347 2073 463 2151 quicum
483 2068 596 2142 sumus3
612 2073 658 2130 cui
675 2090 810 2154 magnam
830 2073 884 2134 de·

200 2156 295 2214 dimus
309 2154 461 2233 pecuniam
475 2169 625 2226 mutuam,
644 2154 796 2233 opinantes
808 2198 818 2226 ,
830 2177 886 2214 no·

200 2237 245 2295 bis
263 2281 272 2308 ,
292 2231 452 2294 constitutis
476 2232 588 2306 rebus,
614 2253 678 2292 eam
708 2255 770 2294 rem
796 2238 884 2295 etiam

199 2317 306 2376 honori
324 2315 396 2376 fore.
411 2314 479 2389 Tu,
499 2337 530 2374 ut
550 2334 634 2374 autea
652 2314 760 2390 fecisti,
776 2317 887 2390 velim,

203 2399 227 2458 si
245 2400 293 2478 qui
310 2415 418 2471 erunt,
439 2397 475 2457 ad
491 2417 565 2478 quos
581 2397 617 2455 ali
639 2396 689 2456 uid
704 2397 887 2457 scribendum

201 2501 222 2538 a
237 2499 285 2540 me
300 2476 465 2553 existimes,
486 2477 545 2560 ipse
565 2418 711 2539 coniicias.
727 2477 800 2538 Tuis
817 2479 889 2538 salu·

204 2578 265 2622 tem
291 2561 347 2619 dic.
366 2559 464 2632 Cura,
484 2578 516 2618 ut
535 2560 642 2619 valeas.
660 2557 695 2618 ln
710 2561 808 2639 primis
831 2559 889 2631 id,

205 2640 286 2722 quod
300 2640 417 2712 scribis,
435 2639 569 2699 omuibus
583 2639 668 2704 rebus
684 2660 752 2697 cura
767 2637 800 2696 &
811 2660 889 2717 pro-

206 2722 299 2796 vide,
320 2741 356 2781 ne
382 2720 451 2802 quid
469 2722 498 2779 ei
521 2720 621 2790 desit,
643 2719 680 2777 de
696 2739 753 2798 qna
771 2717 823 2776 scis
841 2738 889 2778 me

208 2804 396 2866 miserrimum
414 2799 479 2864 effe.
496 2797 595 2861 Idibus
610 2799 676 2862 lun.
694 2819 730 2860 ex
745 2795 848 2858 castris.
