2125 3784
214 391 277 445 AD
299 372 499 453 Africum
518 372 606 452 [ειη.
624 371 728 446 XIV.
755 398 821 472 ¹77

128 508 222 651 gipsi:
230 506 385 569 alumnum·
396 508 553 591 disciplina
562 508 645 571 me'ae.
655 506 690 570 L.
694 509 821 649 ἧυὶἀεαι

185 589 272 679 sari:
322 591 427 673 umeri
446 610 514 652 eum
536 606 674 674 aegrotum
725 610 822 672 eapo-

130 672 240 766 lir'rpve
265 671 271 684 '
295 689 347 730 em
356 712 370 765 .’
392 690 572 767 quamquam
590 688 651 734 erar
669 670 820 753 oppressus

131 768 220 813 tonus
238 770 380 832 eorporis
405 751 582 825 doloribus,
604 769 701 811 tamen
723 754 818 829 anti,

130 832 228 928 prim·
241 850 298 892 me
315 830 399 912 plane
417 831 547 928 salptavit
563 876 573 907 ,
588 830 620 894 O
633 832 674 890 mi
686 828 794 895 Cicero
810 879 819 910 ,

131 911 720 1074 lhililll‘zllnllllll‘lgl
736 914 819 1075 {3¹55

133 1070 341 1133 sororixlilium
353 1073 484 1134 valerem
498 1118 509 1148 ‚
525 1073 585 1153 jam
599 1071 669 1132 salvi
684 1070 740 1133 elle
775 1075 821 1136 os·

133 1150 253 1214 lemnsu
266 1151 432 1215 Dolabellae
452 1155 525 1213 verb
542 1171 606 1213 tuo:
616 1152 648 1210 &
666 1096 818 1235 gratulir,

135 1233 171 1294 &
187 1235 289 1315 gratias
309 1253 394 1374 εἷος
421 1253 508 1313 quem
534 1233 652 1314 quidem
667 1275 676 1304 ,
691 1232 767 1313 post
788 1254 819 1297 te

137 1313 304 1388 consulem,
333 1315 414 1375 olum
429 1312 574 1395 pollumus
588 1313 819 1376 vericonsulem

133 1394 242 1457 dicere.
252 1392 333 1454 Dein
343 1394 433 1454 multa
444 1395 480 1455 de
490 1393 587 1468 fano,
609 1416 643 1455 ac
658 1394 695 1454 de
708 1415 739 1456 re
753 1395 819 1478 ges-

133 1494 164 1537 ra
184 1494 193 1534 ε
211 1490 274 1535 tum
288 1475 359 1535 nihil
376 1473 626 1558 magnificentius,
644 1475 716 1535 nihil
737 1498 819 1556 prae-

133 1556 238 1617 clarim
259 1554 353 1617 auum
381 1575 546 1636 umquam,
565 1555 636 1616 nihil
652 1557 819 1634 reipublicae

134 1634 299 1697 salutarius:
311 1652 398 1716 arque
413 1636 476 1695 haec
487 1657 544 1696 una
553 1658 613 1697 vox
624 1637 756 1697 omnium
766 1636 819 1698 est.

136 1716 168 1777 Α
185 1731 217 1776 te
231 1730 326 1777 mrtem
341 1733 437 1796 peto,
454 1719 495 1776 uti
508 1737 556 1776 me
569 1717 643 1775 hanc
660 1717 742 1794 quasi
760 1714 817 1775 'ial-

134 1795 197 1857 sam
215 1794 403 1858 hereditatem
415 1797 515 1858 alienae
536 1796 635 1878 gloriae
656 1799 732 1855 sinas
752 1815 820 1855 cer·

133 1896 232 1953 nere,
252 1897 355 1960 meque
371 1879 463 1958 aliqua
481 1899 519 1939 ex
537 1895 617 1958 parte
639 1878 668 1935 in
693 1875 821 1936 societa-

133 1976 196 2019 tem
204 1976 320 2020 tuamm
330 1958 447 2018 laudum
457 1961 557 2019 venire
567 1960 686 2040 pariare.
700 1954 821 2036 Quam·

156 2060 245 2114 uam,
261 2042 301 2099 mi
319 2036 475 2101 Dolabella
493 2037 507 2122 (
523 2039 586 2100 haec
608 2042 686 2099 enim
705 2035 820 2116 jocatus

133 2059 218 2204 ium)
230 2120 367 2182 libentius
378 2141 480 2182 omnes
491 2141 591 2195 meas,
608 2121 632 2178 si
650 2119 741 2179 modo
756 2119 822 2182 sunt

133 2201 237 2283 aliqua
253 2221 330 2262 meae
344 2201 441 2261 laudes
459 2247 468 2275 ‚
488 2201 526 2261 ad
546 2219 576 2260 te
597 2199 798 2261 transfuderim
808 2232 823 2275 ‚-

135 2281 223 2362 qohm
239 2283 367 2364 aliquam
382 2299 496 2422 partem
511 2280 687 2343 exhauserim
699 2301 736 2340 ex
747 2283 819 2342 tuis:

134 2383 204 2423 nam
222 2382 314 2444 quum
332 2378 363 2424 te
393 2383 495 2443 emper
514 2380 626 2423 tantum
645 2361 821 2437 dilexerim,

134 2461 277 2523 qrrantum
292 2460 324 2504 to
343 2443 503 2526 intelligere
545 2440 640 2503 otuisti
659 2462 668 2514 ;
694 2458 756 2501 tum
775 2442 822 2505 hir

136 2527 196 2583 ruis
213 2521 294 2583 fastis
311 2525 351 2585 sic
370 2524 500 2584 incensus
517 2465 603 2597 ihm,
623 2540 655 2582 ut
671 2522 740 2582 nihil
756 2544 824 2583 um·

139 2622 232 2684 quam
249 2604 278 2663 io
294 2623 393 2666 amore
412 2605 498 2667 fuerit
518 2604 673 2665 ardentius.
686 2602 765 2664 Nihil
779 2602 826 2664 est·

134 2685 242 2757 enim,
255 2683 324 2745 mihi
342 2686 450 2762 crede,
466 2689 572 2747 virtute
587 2684 742 2746 formosius
755 2729 767 2756 ‚
779 2686 824 2742 ni·

134 2764 177 2824 hil
187 2763 333 2846 pulchrius
345 2811 354 2839 ‚
366 2766 435 2827 nihil
444 2768 602 2828 amabilius.
612 2765 732 2846 Semper
741 2783 825 2824 ama·

135 2847 184 2918 vi,
195 2843 313 2920 urstis,
330 2847 376 2907 M.
388 2845 506 2908 Brutum
519 2892 529 2921 ‚
546 2864 665 2929 propter
675 2844 737 2922 ejus
748 2841 826 2901 siun-

140 2945 217 2989 mum
228 2927 407 3010 ingenium,
423 2927 605 2993 suavissimos
625 2945 745 3063 splores,
760 2923 824 2985 siu·

681 3025 703 3064 v
