2125 3784
266 377 328 442 ”4
464 359 729 419 Norannm

263 463 325 531 regii
342 458 451 511 codices.
469 459 575 528 Vulgi),
598 460 620 508 sr'
632 458 741 527 precipit
758 444 839 522 ndstra
857 463 937 528 nolirr'
946 499 955 523 ‚

264 537 329 606 quod
343 533 454 584 vitiosum
469 532 516 582 esse
531 534 592 584 vidit
606 534 767 601 Mongaitius.

298 608 360 658 lbid.
376 621 421 656 21.
441 607 466 656 Si
483 607 648 672 permanserit.

299 680 372 738 208,
394 696 417 729 1.
432 680 596 730 Taciturnitas
610 681 634 729 in
651 679 832 746 respondendo.
855 696 881 746 ς.
896 683 955 734 Dia·

260 754 343 822 sogum
366 754 546 806 Heracledium.
567 754 631 803 Vide
651 754 719 819 supra
739 771 780 820 ep.
803 771 832 816 4.

299 843 373 890 209,
397 842 441 888 24.
466 827 632 892 Philosophica
649 840 793 894 argumenta
812 829 952 882 trademus.

261 916 306 963 25.
320 903 384 964 Quae
403 903 433 951 ad
450 899 528 952 officia
545 901 678 968 pertinent.
696 900 741 953 26.
758 903 954 971 Nuncupamus,

260 975 421 1026 inscribimus.
914 1001 921 1012 ·

256 1100 259 1105 ,
298 1065 366 1108 211,
390 1048 431 1099 16.
451 1047 520 1111 Cuius
540 1047 679 1098 eximiam...
700 1048 883 1102 voluntatem...
893 1069 952 1118 per·

256 1121 379 1191 spexiffet.
399 1123 435 1172 lta
452 1123 552 1172 codices
568 1122 628 1189 regii
644 1135 756 1188 uterque.
773 1124 901 1174 Salebrosa
917 1124 949 1175 est

260 1199 359 1264 vulgata
376 1196 469 1256 leiiio,
486 1211 511 1244 ιιι
527 1211 590 1244 tuam
608 1197 748 1244 eximiam...
764 1193 931 1264 perspexiffet.

298 1285 374 1328 212,
389 1285 415 1333 9.
431 1270 580 1335 scriptiones
596 1270 721 1320 librorum.
741 1284 784 1320 12.
796 1270 880 1322 Animi
887 1289 948 1338 pen·

259 1343 329 1397 dens.
349 1345 392 1392 26.
409 1343 513 1392 Erudito
535 1342 625 1391 homini
647 1343 744 1392 idonee.

296 1428 370 1479 213,
387 1431 412 1466 1.
431 1416 575 1466 Humanitet
585 1449 594 1472 ,
611 1428 729 1465 amanter.

295 1503 376 1548 214·,
404 1504 428 1551 5.
450 1489 532 1538 Dotie
549 1490 574 1540 &
597 1489 683 1554 polit'e.
706 1489 732 1539 6.
754 1487 946 1557 Progressunrin

256 1562 355 1614 litteris.
381 1563 424 1613 16.
448 1563 544 1614 Domus
564 1564 649 1613 amica.
668 1563 745 1612 Addit
767 1563 945 1630 proverbium,

259 1639 345 1688 domus
365 1637 464 1704 optima.
490 1637 532 1688 18.
556 1637 647 1687 Rerum
665 1637 785 1686 variarum
807 1637 945 1704 descriptio·

259 1726 304 1764 21.
322 1711 496 1762 Declamitant.
513 1726 558 1774 29.
578 1710 743 1760 Peramanter.

296 1800 367 1847 215,
386 1802 412 1837 2.
430 1785 493 1851 Quae
510 1786 606 1835 dantur.
623 1784 728 1852 supple,
741 1783 837 1834 necesse
856 1783 890 1835 est
907 1801 945 1836 ee·

258 1875 352 1927 cipere.

210 1966 213 1975 .
295 1932 357 1982 ibid.
388 1945 430 1991 14.
453 1931 511 1980 Nisi
529 1930 649 1996 explicato
666 1928 699 1976 A.
716 1928 734 1975 i.
754 1944 777 1975 e.
796 1947 848 1979 rere
867 1931 944 1981 alieno

256 2005 391 2074 persoluto.
409 2005 446 2050 Ita
466 2002 526 2068 regii
549 2003 656 2050 codices.
675 1997 777 2064 Vulgi),
798 2002 847 2051 nisi
869 2006 944 2070 expli.

256 2094 311 2129 cato
333 2068 359 2129 λ’
378 2091 430 2139 quae
455 2086 512 2122 nota
536 2071 653 2139 significat
676 2071 826 2137 trigesimum
853 2078 940 2128 mensis

254 2152 336 2208 diem,
356 2163 404 2215 quo
421 2145 460 2194 die
478 2147 542 2210 apud
559 2145 663 2195 Graecos
675 2145 756 2193 debita
773 2145 940 2204 solvebantur.

289 2222 351 2271 ibid.
365 2217 410 2270 26.
423 2223 538 2268 Amanter
555 2219 577 2268 6·
594 2220 729 2285 eleganter.

289 2295 365 2353 216,
388 2307 429 2342 11.
446 2291 481 2342 Ut
501 2292 526 2341 itt
546 2292 580 2342 itis
600 2290 733 2358 (qnoniam
751 2291 894 2361 intelligo...
912 2297 943 2346 ad

252 2384 276 2419 te
292 2367 436 2436 pertinere)
455 2381 482 2415 ut
501 2384 556 2434 ergo
573 2367 598 2416 in
615 2362 726 2429 ejusmodi
736 2383 761 2414 re
772 2401 780 2422 ‚
793 2368 882 2419 tribues
894 2371 939 2420 dc.

251 2443 347 2494 Tullius
367 2441 510 2506 interpositi
531 2440 605 2507 longai
625 2439 788 2506 parenthesi,
809 2458 854 2504 pro
871 2457 898 2492 ut
917 2443 941 2492 im

251 2518 305 2574 tis,
323 2518 372 2567 scil.
390 2518 481 2572 rebus,
500 2514 580 2580 posuit
597 2547 605 2571 ,
621 2528 647 2562 ut
667 2531 720 2581 ergo
735 2513 759 2560 in
777 2511 891 2579 ejusmodi
906 2533 940 2566 re.

251 2592 389 2658 Scriptores
413 2590 491 2638 solent
514 2588 538 2636 in
566 2587 682 2654 ejusmodi
706 2587 892 2652 repetitionibus
910 2589 941 2639 ad

250 2667 342 2717 sensum
366 2660 469 2728 potitis,
496 2667 567 2728 quim
593 2661 623 2709 ad
649 2661 721 2708 verba
749 2660 882 2724 respicere.
903 2663 940 2712 Ita

250 2742 331 2790 locum
352 2738 376 2788 in
395 2734 500 2804 vulgatis
521 2731 716 2788 tenebricosum,
733 2735 825 2782 mutati
844 2735 941 2785 distinc-

249 2815 318 2872 tione
332 2847 339 2872 ,
354 2810 504 2863 elucidarunt
518 2810 537 2859 F
538 2810 583 2858 rid.
597 2805 757 2866 Gronovius,
777 2806 803 2857 &
818 2808 872 2873 post
884 2826 940 2861 eum

251 2887 375 2943 Gtaevius.

287 2976 361 3029 217,
380 2974 405 3018 ι.
421 2953 587 3013 Laboriosum.
605 2967 633 3010 2.
647 2953 807 3015 Ferendum,
827 2955 942 3010 toletan·
