2125 3784
241 338 738 420 nnArrrcvrr·Lra.X11.
778 306 822 439 57

236 474 598 541 Cicero-Anrrco
631 473 719 538 Snr..
789 488 821 518 ’-

135 569 299 686 17DUM
312 602 524 666 recordationes
539 600 571 662 fu
591 604 640 676 io,
653 596 717 686 quae
804 606 818 668 ἰ

134 687 233 748 morsu
249 685 375 768 quodam
391 686 523 745 dolorem
539 703 556 742 e
588 685 686 759 cium,
701 705 731 746 re
764 688 818 767 gio

137 787 201 828 a‘te
212 767 421 842 admonendo,
455 763 514 825 uod
528 763 619 825 velim
635 766 707 825 mihi
718 765 819 848 ignos-

140 869 210 923 cas,
230 848 439 925 cuicuimodi-e
475 867 482 904 :
504 847 615 904 etenim
631 845 725 907 habeo
743 867 822 907 non·

133 930 228 990 nullos
252 950 289 990 ex
305 932 339 988 iis
352 973 365 1003 ‚
380 949 455 1009 quos
475 946 551 985 nunc
569 924 669 987 le'ffito
682 955 699 1000 ‚·
713 927 818 988 austo-

131 1031 201 1084 res‚
219 1012 271 1091 qui
289 1010 407 1085 dicant,
425 1004 489 1068 fieri
507 1005 538 1064 id
559 1026 696 1086 oportere
711 1053 725 1082 ,
737 1008 819 1089 quod

132 1092 208 1172 saepe
228 1107 336 1151 tecum
347 1091 418 1170 egi,·
436 1087 469 1146 &
487 1085 569 1166 quod
585 1108 602 1144 a
616 1105 645 1148 te
664 1090 820 1167 approbari

131 1173 216 1249 yolo.
232 1169 283 1231 De
299 1168 368 1230 fano
384 1167 435 1227 illo
454 1166 542 1238 dico,
560 1165 597 1226 de
615 1189 675 1248 quo
690 1184 820 1243 tantum,

154 1269 274 1312 uantum
292 1271 340 1310 me
360 1270 462 1322 amas,
479 1245 574 1310 velim
590 1250 711 1330 cogites.
727 1247 822 1330 Equi·

171 1352 202 1392 m
215 1352 310 1413 neque
324 1331 361 1393 de
373 1348 479 1412 genere
490 1327 592 1388 dubito
603 1349 614 1402 3
652 1329 729 1390 lacet
740 1331 824 1389 enirn

133 1413 205 1472 mihi
226 1410 333 1473 Clonii
347 1431 356 1470 ι
372 1424 468 1490 neque
491 1409 527 1470 de
547 1429 579 1470 re
590 1429 600 1483 ;
620 1351 756 1487 siarutum
775 1407 819 1470 est

135 1496 235 1552 enim:
258 1493 294 1552 de
313 1493 381 1553 loco
396 1509 627 1570 nonnumquam.
642 1490 744 1552 Velim
760 1492 820 1572 igi·

137 1588 185 1629 tur
205 1574 325 1651 cogites.
343 1569 431 1651 Ego,
450 1588 589 1650 quantum
609 1570 653 1630 his
675 1572 821 1649 tempori·¹

139 1651 196 1708 bus
220 1667 279 1708 tam
302 1651 418 1709 eruditis
441 1647 504 1709 fieri
525 1652 634 1728 poterit
653 1694 663 1724 ,
688 1648 821 1728 profesio

136 1730 220 1789 issam
237 1727 411 1789 consecrabo
430 1730 511 1787 omni
527 1747 632 1808 genere
649 1749 823 1790 monumen·

135 1830 259 1884 torum,
277 1809 315 1869 ab
336 1811 466 1869 omnium
488 1808 611 1889 ingeniis
631 1807 821 1889 scriptorum,

134 1892 167 1950 &
180 1889 355 1952 Graecorum
366 1889 398 1949 ὅ(
414 1886 585 1971 Latinorum
596 1908 608 1962 ;
628 1911 693 1970 quae
703 1910 749 1950 res
761 1888 821 1951 for-

134 1974 208 2032 sitan
222 1973 259 2031 sit
274 1970 437 2031 refricatura
449 1969 553 2030 vuinus
565 1989 682 2030 meum:
699 1968 748 2031 sed
758 1969 826 2051 jam¹

134 2056 216 2133 quasi
227 2070 300 2115 voto
310 2052 438 2133 quodam
450 2095 459 2124 ‚
473 2050 505 2110 &
515 2048 652 2130 promisso
663 2071 713 2112 me
725 2056 818 2114 teneri

134 2151 210 2214 puto
218 2153 228 2205 3
236 2133 413 2213 longumque
426 2130 498 2192 iilud
509 2149 645 2212 tempus,
696 2153 746 2215 um
756 2156 819 2195 non

133 2234 209 2286 ero,
231 2215 321 2294 magis
343 2233 391 2272 me
405 2229 538 2287 movet,
559 2212 646 2294 quim
668 2291 670 2294 Υ
691 2235 727 2275 oc
749 2216 816 2276 exi·

133 2314 243 2375 guum,
261 2292 341 2373 quod
359 2293 430 2353 mihi
445 2310 544 2353 tamen
558 2295 678 2354 nimium
695 2294 817 2377 longum

133 2376 269 2436 videtur:
284 2373 378 2433 habeo
396 2375 474 2433 enirn
487 2373 560 2431 nihil
572 2415 583 2444 ‚
597 2377 715 2435 tentatis
730 2375 816 2438 rebus

134 2453 274 2515 omnibus
285 2496 299 2525 ,³
311 2455 342 2511 in
360 2474 418 2533 quo
435 2452 628 2532 acquiescam:
645 2476 730 2530 nam,
745 2458 819 2517 dum-

134 2534 207 2594 illud
227 2531 404 2606 naamam,
425 2532 462 2593 de
481 2555 540 2614 quo
559 2552 642 2596 antea
661 2534 760 2617 scripsi
778 2537 816 2598 ad

136 2632 188 2686 te,
210 2616 289 2694 quasi
311 2612 450 2676 fovebam
469 2613 584 2676 dolores
606 2637 716 2692 meos:
738 2639 819 2679 nunc·

135 2697 238 2755 omnia
254 2693 374 2776 respu03
393 2716 446 2756 nec
462 2698 620 2777 quicquam
631 2697 725 2760 habeo
744 2699 821 2759 tole·

135 2775 272 2849 rabilius,
286 2776 375 2855 quim
390 2775 571 2838 solitudinem
583 2799 594 2851 3
610 2799 721 2859 quam,
739 2775 825 2860 quod

138 2873 220 2916 esaan
235 2859 343 2933 veritus
353 2903 368 2935 ,1
384 2879 455 2950 non..
464 2858 631 2922 obturbavit
643 2858 796 2999 Qppus
812 2876 826 2918 ⁰.
