2125 3784
240 392 301 445 AD
318 374 525 445 Arrrcunr
540 377 629 447 Lrn.
640 377 744 451 XIV.
774 382 835 456 181

141 478 193 553 ‘db
211 476 332 565 autem,
348 493 428 573 qubd
453 490 484 551 id
505 491 598 572 ipsum
618 496 697 578 quod
710 515 759 557 me
774 517 842 560 mo·

148 592 205 632 nes
217 616 231 644 ,
251 574 407 711 quatriduo
425 572 491 632 ants
509 574 546 632 ad
563 594 629 635 eum
653 576 839 659 scripseram,

150 671 381 793 diffisis
393 655 776 814 qstsislltlz'ilni‘*
795 676 839 798 ii

147 815 228 874 enim
245 830 277 874 tu
296 813 333 871 ad
350 833 398 872 me
415 813 588 895 scripseras)
608 817 713 896 magns
730 801 766 877 de
780 838 837 898 pe-

146 895 261 955 ratione
278 891 396 953 assessus
410 892 497 954 essem
512 915 521 964 ;
538 914 607 956 ecce
621 898 673 958 tibi
689 898 719 955 &
733 897 834 973 Bruti,

149 973 185 1033 δι
195 990 253 1033 tuae
264 972 367 1033 litterae
380 994 387 1032 ε
400 974 449 1032 ille
465 975 597 1035 exsilium
613 978 754 1037 meditari.
769 976 837 1039 Nos

148 1073 249 1114 autem
263 1055 351 1113 alium
369 1072 487 1133 portum
500 1059 667 1135 propiorem
680 1058 745 1117 huic
757 1060 835 1119 aetati

148 1134 322 1194 videbamus
331 1153 341 1207 3
351 1135 381 1192 in
392 1155 479 1214 quem
490 1137 608 1195 mallem
617 1138 753 1217 equidem
766 1159 836 1216 per·

148 1214 222 1275 vehi
236 1214 359 1274 slotenre
376 1213 467 1274 Bruto
483 1213 601 1289 nostro,
624 1216 835 1299 constitutique

151 1292 321 1374 republicis
338 1292 388 1354 sed
408 1315 485 1354 nunc
502 1297 649 1375 quidem,
668 1316 699 1358 ut
718 1298 832 1373 scribis,

147 1394 211 1435 non
229 1376 369 1436 utrumvis
383 1393 392 1433 z
410 1375 546 1437 assentiris
561 1380 639 1438 enim
656 1378 747 1452 mihi,
760 1378 832 1439 nos-

145 1470 224 1516 rram
250 1470 366 1516 aetatem
382 1476 399 1515 a
420 1455 538 1531 castris,
555 1459 711 1538 praesertim
733 1461 833 1521 civili·

145 1535 229 1608 bus,
248 1535 412 1597 abhorrere.
432 1536 577 1597 Antonius
596 1540 632 1599 ad
650 1560 697 1601 me
717 1543 829 1601 tantum

147 1615 188 1677 cle
207 1612 319 1677 Clodio
338 1616 503 1698 rescripsit,
519 1637 613 1678 meam
630 1621 779 1682 lenitatem
796 1620 830 1680 dc

148 1696 332 1757 clementiam
349 1696 381 1755 δι
407 1698 459 1756 sibi
480 1695 536 1756 elle
574 1718 688 1772 ratam,
707 1701 738 1758 &
759 1700 830 1759 milti

146 1776 294 1857 voluptati
316 1797 363 1836 ma
384 1797 428 1834 nae
452 1776 527 1836 sore.
551 1719 609 1837 §ed
629 1778 716 1838 Pansa
734 1777 832 1839 furere

144 1856 263 1919 videtur
282 1856 319 1917 de
340 1797 473 1930 Csodio‚
491 1861 619 1939 itemque
641 1860 677 1919 de
700 1855 830 1936 Deiota-

143 1959 178 1999 ro
195 1958 205 2012 ;
225 1937 258 1999 &
270 1937 399 2017 loquitur
415 1924 514 1998 se‘iere
530 1983 541 2012 ‚
562 1942 585 1997 si
600 1941 673 2000 velis
691 1940 830 2000 credere:

143 2019 215 2079 illud
240 2036 341 2081 tamen
369 2038 429 2078 non
453 2018 550 2092 belle,
568 2036 599 2078 ut
619 2022 689 2080 mihi
709 2021 829 2102 quidem

143 2098 289 2196 uidetur?
320 2098 400 2179 qubd
421 2097 527 2157 faslum
551 2098 713 2195 Dolabellae
732 2101 828 2162 velte·-

143 2178 831 2340 ffissmsiiiii[iiii‘iliiia’tsiusresss

143 2341 290 2423 rescripsit
299 2337 328 2401 se
342 2361 480 2400 coronam
495 2340 620 2403 habuisse
631 2343 750 2402 lionoris
761 2341 829 2402 Cae-

143 2421 212 2483 saris
228 2419 335 2492 causd;
346 2419 466 2501 posuisse
481 2420 572 2481 luslds
591 2423 680 2504 gratis
695 2442 702 2479 :
714 2420 828 2562 postre-

143 2504 225 2574 mb,
248 2502 277 2563 se
306 2501 427 2562 libenter
450 2504 692 2582 vituperationem
726 2503 829 2578 ubire‚'

146 2582 230 2662 qubd
252 2600 358 2643 amaret
383 2582 470 2644 etiam
497 2602 643 2644 mortuum
672 2582 827 2646 Caesarem.

142 2661 200 2722 ‘Ad
216 2659 418 2737 Dolabellam,
434 2665 680 2743 quemadmodum
691 2665 741 2725 tibi
756 2666 827 2743 dicis

165 2743 263 2804 lacere
275 2788 286 2819 ,
304 2742 403 2823 scripsi
421 2743 573 2825 diligenter
584 2767 590 2805 :
602 2767 673 2829 ergo
691 2748 777 2806 etiam
789 2744 828 2801 ad

140 2765 238 2884 sicam
249 2823 317 2886 :ribi
329 2824 387 2883 hoc
399 2828 494 2884 oneris
514 2848 574 2885 non
595 2830 715 2907 impono
733 2823 828 2881 :nolo

144 2921 172 2964 ce
188 2905 271 2968 illum
289 2906 396 2966 iratum
414 2903 532 2968 babere.
552 2904 645 2972 Servii
665 2905 826 2967 orationem
