2125 3784
288 246 668 318 Fauonrnrrru.
752 247 820 350 285

121 377 253 450 {guiserntn
262 377 368 432 mulcens
379 377 536 432 tremebundis
543 381 625 433 ethera
636 378 732 448 pennis,

123 466 185 521 Nou
194 463 271 517 minus
281 463 367 530 ingenti
377 477 432 514 curn
444 479 563 533 corpore,
573 461 612 518 sed
622 476 692 529 grave
701 465 791 539 moestis

125 551 238 607 Ostendit
249 548 325 601 nautis
335 548 471 614 perturbans
483 565 576 618 equora
586 548 684 614 signum.

128 639 192 694 'sum
203 633 280 703 magni
291 645 377 685 curvus
389 632 525 700 Capricorni
535 648 624 687 cornua
634 635 729 702 proptsr

129 720 258 789 llelplrinus
269 717 348 783 jacet,
364 716 423 768 haud
435 717 505 769 nimio
518 717 619 770 lustratu'
630 719 721 785 nitore,

131 806 218 863 Praeter
227 800 392 872 quadruplices
405 799 480 853 llellaa
489 801 512 852 in
522 802 599 854 fronte
610 803 714 872 locatas,

134 895 202 963 Quas
210 885 359 943 intervallum
368 883 434 937 binas
444 884 584 938 disterminat
594 904 680 942 unumt

133 979 222 1033 Cetera
231 988 285 1042 pars
293 971 367 1031 latet,
379 986 407 1025 ac
417 973 480 1025 tenui
492 989 546 1026 cum
556 973 642 1029 lumine
652 975 730 1044 serpit.

134 1063 187 1116 lllae
198 1076 251 1131 qua
260 1057 345 1125 irrigent
354 1056 421 1110 luces
431 1072 461 1110 err
471 1070 513 1111 ore
524 1057 639 1121 corusco,

136 1148 195 1201 Sunt
203 1148 263 1198 iuter
272 1152 346 1210 partes
357 1141 443 1208 gelidas
455 1142 573 1209 Aquilone
582 1144 682 1210 locata,

136 1233 218 1299 Atque
228 1231 287 1283 inter
294 1228 391 1297 spatium
403 1227 428 1277 δι
439 1226 482 1278 laeti
493 1227 588 1296 vestigia
600 1231 666 1289 solis.

136 1317 171 1371 At
178 1330 234 1384 pars
243 1312 338 1367 inierint
348 1311 457 1380 Delphini
467 1312 529 1366 lusca
539 1313 632 1368 videtur

136 1400 199 1455 later
207 1399 263 1452 solis
274 1400 331 1462 lter,
341 1398 407 1450 simul
417 1398 476 1450 inter
485 1397 575 1451 flamina
584 1397 665 1463 venti,

136 1484 232 1539 tranas
241 1484 340 1550 erumpit
349 1482 396 1550 qut
405 1484 486 1536 summi
496 1483 584 1550 spiritus
596 1482 682 1539 Austri.

138 1567 228 1623 tunae
236 1567 312 1621 Orion
323 1566 419 1635 obliquo
428 1582 532 1634 corpore
540 1567 632 1634 nitens,

137 1652 253 1709 interiora
261 1665 326 1708 terret
335 1652 457 1715 truculenti
469 1665 572 1718 corpora
581 1652 673 1704 Tauri:

139 1740 222 1809 Quem
233 1740 274 1808 qui
282 1740 402 1809 suspiciens
411 1742 434 1792 in
446 1738 533 1792 coelum
543 1735 613 1792 noste
624 1737 719 1801 serent,

139 1822 196 1877 lats
207 1824 331 1894 dispersum
341 1845 389 1882 non
399 1828 501 1892 viderit,
515 1824 577 1880 haud
588 1826 620 1876 ita
629 1823 690 1878 verb

87 1910 89 1915 '
140 1908 231 1963 Cetera
239 1910 262 1963 se
271 1911 346 1979 speret
354 1916 497 1983 cognoscere
507 1914 572 1982 signa
583 1911 680 1981 potesse.

141 1990 251 2063 Namque
259 1995 334 2063 pedes
342 1997 418 2052 subter
427 1999 558 2052 rutilorum
569 1997 655 2051 lumine
665 1995 737 2052 claret

141 2078 303 2136 turpidutine
314 2083 385 2138 Canis
397 2086 508 2140 {telarum
517 2086 570 2138 luce
580 2080 696 2148 refulgens
707 2095 718 2139 ὅ

141 2162 212 2220 liunt
219 2167 278 2235 tegit
286 2167 397 2222 obscurus
404 2170 480 2223 subter
489 2167 615 2237 precordia
624 2175 724 2216 venter:

142 2249 197 2305 Nec
205 2262 262 2306 toto
272 2253 356 2321 spirans
366 2254 447 2323 rapido
460 2254 490 2307 de
501 2267 603 2321 corpore
614 2250 730 2301 flammatu

142 2337 269 2391 AEffiseros
282 2337 367 2392 validis
377 2339 477 2406 erumpit
486 2338 576 2390 {latibus
585 2338 663 2406 ignes:

143 2421 224 2476 'sonus
235 2421 266 2475 ab
280 2435 323 2476 ore
336 2424 422 2477 micans
432 2423 515 2489 iacitur
524 2423 659 2476 mortalibus
668 2421 757 2487 ardor,

143 2506 229 2559 Sirion
241 2509 302 2559 stunc
315 2509 391 2560 Grati
398 2508 511 2577 preclaro
522 2512 614 2558 nomine
624 2510 715 2567 dicupt.

143 2592 194 2649 ffic
205 2594 279 2648 ubire
289 2597 372 2662 pariter
383 2609 436 2646 cunr
445 2593 493 2649 sole
504 2595 526 2647 in
536 2595 633 2648 munina
643 2591 699 2645 coeli

144 2678 236 2732 Extulit
247 2714 256 2743 ,
267 2679 330 2732 haud
339 2679 423 2748 patitur
431 2677 539 2732 loliorum
546 2683 646 2749 tegmine
654 2675 734 2729 frustra

145 2762 274 2833 Suspensus
286 2764 377 2820 animos
386 2765 477 2822 urbulla
488 2777 569 2823 ornata
578 2754 676 2822 telre're:
