2125 3784
244 410 310 476 ¹24
423 388 727 456 Errrrora

235 525 282 564 cet
296 503 463 565 sententiam
475 500 572 563 suam:
589 499 638 561 sed
657 518 756 563 tamen
778 520 844 582 quae
858 518 922 562 tum

233 583 295 642 asta
315 582 376 644 sunt
397 628 406 656 ,
426 603 487 642 non
504 578 616 662 possum
636 603 696 641 non
715 579 841 662 probare
850 603 865 655 ·;
887 585 921 642 &

233 681 330 723 tamen
347 684 407 723 non
426 679 526 722 curare
544 661 662 743 pulchre
680 659 817 742 possum,
837 664 922 724 sicuti

131 764 134 768 ·
233 744 321 805 facio.
338 743 397 805 Sed
416 743 538 802 nimium
556 741 646 802 multa
664 741 701 803 de
716 743 811 825 nugis.
921 756 923 761 '

328 881 495 944 C1cutto
535 875 692 943 Atrrco
733 879 816 942 Suu.
898 895 923 948 ..³

149 1116 153 1122 Ι
232 983 356 1103 29.An
378 1020 504 1083 Hirtium
523 992 668 1116 dederam.
681 1016 834 1118 ep'istolaut
852 986 923 1122 ἦρξ’

231 1105 407 1247 ssdssu’.
420 1122 521 1257 sss,
534 1101 702 1264 {iffi
711 1105 922 1259 sfflffaff

229 1265 383 1327 rescribam
403 1263 499 1335 alias3
522 1256 599 1324 nunc
625 1262 687 1323 aliis
714 1258 804 1323 malo.
830 1261 918 1404 qqid

230 1343 345 1425 possum
365 1343 401 1402 de
417 1340 588 1424 Torquato,
607 1345 663 1402 nisi
683 1342 793 1423 aliquid
813 1340 842 1403 a¹
885 1368 918 1407 o·

229 1424 336 1487 labella
347 1421 454 1503 {quod
473 1423 557 1483 simul
567 1443 629 1496 tc,
646 1422 786 1483 cuntinub
804 1423 915 1487 scietis:

229 1502 428 1587 exspectabam
448 1503 559 1577 hodie,
581 1522 629 1564 aut
643 1502 785 1563 summurn
801 1502 862 1565 cras¹
879 1505 915 1566 ab

117 1645 121 1653 ,
229 1606 268 1651 eo
280 1582 445 1661 tabellarios
457 1604 467 1657 ;
484 1586 534 1665 qui
544 1584 628 1644 simul
638 1605 671 1643 ac
681 1585 835 1659 venerint,
845 1584 919 1647 mit·¹

229 1683 326 1728 tentur
346 1665 383 1726 ad
402 1683 442 1726 te.
461 1663 490 1724 A
511 1663 627 1744 Quinto
645 1662 800 1747 exspecto}
814 1660 917 1748 ¹prosi-¹

230 1747 337 1809 ciscerrs
348 1746 428 1808 enirn
439 1765 457 1807 e
467 1744 631 1806 Tusculano
642 1762 709 1805 vul
720 1742 787 1804 Kal.
797 1761 830 1817 ut
840 1744 912 1821 scis,

229 1831 296 1890 misi
312 1829 349 1888 ad
364 1848 432 1888 eum
447 1826 621 1885 tabellarios.
637 1824 742 1901 Nunc,
757 1825 866 1887 adrem
879 1842 913 1887 ut

228 1910 369 1979 redeam,
386 1906 505 1965 inhibere
522 1906 592 1965 illud
608 1923 709 1982 tuum,
738 1904 808 1966 'uod
825 1905 914 1967 valde

227 1989 299 2047 mihi
321 1983 470 2056 arriserat,
489 1985 680 2046 vehementer
700 1928 851 2065 displicet:
871 1983 913 2048 est

227 2071 306 2128 enirn
321 2063 444 2125 verbum
452 2081 547 2125 toturn
558 2068 720 2127 nauticum:
735 2086 822 2146 quam
864 2087 913 2128 aru

226 2148 259 2206 id
278 2146 394 2227 quidem
414 2142 538 2205 sciebam
554 2166 564 2220 ;
583 2145 632 2208 sed
654 2146 810 2207 arbitrabar
825 2087 913 2209 tsrssti·

226 2230 290 2289 neri
310 2245 430 2298 remos,
448 2246 538 2307 quum
559 2227 688 2287 inhibere
711 2224 801 2288 essent
820 2230 912 2288 terni·

227 2328 279 2392 ges
292 2305 378 2386 jussi:
393 2306 424 2366 id
436 2327 495 2368 non
508 2305 565 2370 esse
577 2306 718 2387 ejusmodi
731 2307 819 2368 didici
831 2308 910 2385 heri,

226 2410 316 2468 quum
338 2387 375 2448 ad
397 2388 497 2450 villam
519 2387 644 2449 nostram
666 2389 749 2448 navis
773 2387 909 2469 appelle·

225 2488 323 2529 retur:
339 2490 399 2528 non
415 2471 493 2529 enim
507 2467 662 2540 sustinent,
677 2465 726 2526 sed
737 2468 795 2528 alio
815 2466 913 2529 modo¹

225 2553 388 2631 remigant:
403 2548 433 2610 id
451 2549 486 2608 ab
506 2556 594 2628 ἰποχῇ
607 2549 831 2608 remotissimum
847 2545 907 2609 est:

227 2650 315 2710 quare
339 2629 449 2700 facies,
471 2645 502 2688 ut
518 2628 557 2685 ita
576 2630 612 2688 sit
631 2631 662 2686 in
684 2627 779 2698 libro,
798 2647 908 2708 quem-

227 2702 386 2773 adttrodum
401 2706 463 2768 suit.
480 2706 572 2766 Dices
588 2707 644 2767 hoc
661 2708 740 2767 idem
757 2705 906 2779 Varroni,

225 2793 249 2849 si
262 2791 337 2854 forte
349 2789 485 2851 mutavit:
498 2806 553 2846 nec
566 2785 607 2848 est
618 2787 721 2850 melius
733 2788 904 2871 quidquam,

225 2871 313 2950 quam
325 2915 336 2948 ,
353 2887 384 2932 ut
401 2865 552 2930 Lucullus:
669 2931 674 2939 ,
