2125 3784
294 399 360 451 AD
377 382 586 450 Arrrcusr
599 382 687 450 ΜΒ.
701 380 793 451 XII.
830 406 872 476 71

183 497 292 561 bobis:
312 494 377 576 ejus
395 494 504 577 aliquid
525 493 643 555 intetell
665 540 674 569 ‚
692 496 787 557 videri
804 497 880 557 illius

182 574 512 649 eausd·voiuiss'e':mei
527 575 647 658 quidem
661 577 749 650 nihil,
761 579 817 636 nisi
828 576 879 652 id,

227 658 274 718 od
293 674 326 715 tu
338 655 396 717 stis
414 674 425 730 ς
444 654 532 736 quod
558 676 616 741 ego
638 657 735 737 magni
761 654 879 718 estimo.

230 736 293 798 uod
303 757 350 798 me
361 738 398 797 ad
409 735 652 799 consuetudinem
665 756 786 797 revocas
798 757 808 809 ·,
826 736 883 799 fuit

191 818 434 901 meum-quidem
455 815 515 896 jam
536 818 651 898 pridem
673 818 881 896 rempublicam

189 899 294 981 lugere
306 916 318 972 ;
332 899 413 985 quod
431 896 595 974 faciebam,
616 896 665 958 sed
685 899 780 957 mitius
795 919 804 971 ;
820 915 882 958 erat

190 982 272 1041 enim
294 978 345 1047 ubi
368 977 602 1061 acquiescerem:
625 998 703 1039 nunc
722 979 808 1058 plane
827 999 884 1039 nec

188 1058 404 1145 ogqvieium,
420 1068 476 1121 nec
486 1061 586 1131 'vitam
604 1058 683 1116 illam
702 1058 799 1119 colere
814 1058 885 1140 pos-

189 1140 291 1215 l‘utu'3¹
310 1140 374 1201 uec¹
387 1142 419 1201 iu
442 1158 478 1201 ea
496 1159 530 1200 re
551 1137 622 1221 quid
646 1139 706 1197 aliis
726 1139 884 1214 videatur,

188 1222 264 1281 milri
282 1222 358 1301 puto
372 1218 552 1282 curandum:
570 1238 636 1278 mea
649 1218 720 1277 mihi
737 1219 885 1279 conscicn-

188 1300 338 1383 tia²p1uris
351 1298 410 1376 est,
424 1299 513 1381 quim
524 1301 657 1360 oninium
671 1298 775 1359 sermo.
790 1298 886 1378 Quod

191 1400 242 1442 me
261 1380 324 1463 ipse
342 1400 397 1463 per
412 1380 523 1443 litteras
544 1378 706 1440 consolatus
726 1379 808 1454 sum,
827 1402 887 1442 non

194 1465 323 1543 poenitet
341 1482 390 1530 me
408 1479 549 1543 quantum
565 1460 757 1541 profecerim:
772 1482 887 1521 moero-

197 1561 264 1601 rem
284 1543 401 1616 minoi3
422 1542 558 1613 dolorem
580 1561 635 1602 nec
655 1542 758 1622 potui,
775 1562 847 1615 nec,
865 1546 888 1601 si

198 1619 317 1702 poliem
331 1666 341 1695 ‚
357 1622 476 1684 vellem.
498 1621 548 1683 De
569 1619 683 1682 Triario
703 1621 778 1682 bene
800 1625 888 1681 inter-

200 1702 330 1782 pretaris
346 1702 524 1763 voluntatem
538 1722 634 1763 meam
647 1724 654 1760 :
666 1721 697 1763 tu
709 1705 779 1762 veri)
796 1703 866 1759 nihil
879 1747 888 1773 ‚

198 1782 260 1843 nisi
279 1797 314 1841 ut
333 1780 376 1841 illi
395 1782 518 1843 volent:
532 1804 598 1843 amo
618 1782 699 1843 ilium
718 1799 887 1840 mortuum:

200 1878 285 1923 tutor
303 1861 364 1922 sum
385 1860 482 1922 liberis
501 1883 510 1922 z
529 1880 623 1924 totam
643 1863 764 1922 domum
789 1861 888 1942 diligo.

199 1941 251 2003 De
267 1939 446 2003 Castriciano
465 1946 606 2025 negotio,
625 1946 649 2002 si
667 1941 819 2002 Castricius
835 1965 889 2022 pro

198 2024 351 2104 mancipiis
371 2025 524 2103 pecuniam
549 2026 679 2103 accipere
697 2025 796 2097 volet,
809 2044 890 2083 eam-

199 2124 257 2184 que
274 2108 300 2164 ei
319 2103 394 2163 solvi
405 2148 415 2178 ‚
426 2120 460 2164 ut
477 2125 554 2163 nunc
571 2104 708 2176 solvitur3
729 2106 805 2170 certe
820 2105 889 2164 nihil

197 2182 242 2245 etl
262 2182 469 2244 commodius:
490 2187 535 2243 sin
554 2203 650 2244 autem
663 2188 702 2244 ita
717 2185 809 2244 adlum
827 2183 887 2258 est,

197 2280 230 2325 ut
244 2263 308 2346 ipsa
324 2266 470 2345 mancipia
487 2264 663 2336 abduceret,
678 2287 739 2324 non
757 2266 825 2324 mihi
842 2268 891 2324 vi·

199 2344 285 2406 detur
307 2341 365 2405 elle
389 2365 504 2427 aequum
526 2365 534 2403 ι
553 2366 638 2426 rogas
659 2348 738 2404 enim
761 2365 809 2404 me
827 2390 836 2414 ‚
857 2364 891 2406 ut

200 2426 254 2486 tibi
277 2424 431 2500 scribam,
460 2424 530 2507 quid
554 2429 626 2484 mihi
647 2427 788 2484 videatur.
810 2423 891 2486 Nolo

202 2508 283 2566 enim
301 2507 415 2586 negotii
431 2504 576 2587 Quintum
596 2505 712 2564 fratrem
731 2505 888 2586 quidquam

203 2586 312 2644 habore
334 2604 344 2658 3
369 2587 449 2666 quod
480 2586 584 2646 videor
618 2586 688 2644 mihi
719 2585 887 2647 intellexisse

203 2665 257 2725 tibi
276 2664 355 2724 idem
370 2665 473 2727 videri.
492 2666 632 2740 Publius,
649 2669 672 2727 si
689 2666 890 2745 aequinollium
966 2722 968 2726 .

203 2743 369 2828 exspeeirm
386 2765 420 2807 ut
434 2744 529 2806 scribis
546 2747 685 2806 Aledium
697 2747 791 2808 dicere
807 2792 816 2821 ‚
834 2767 890 2805 na-

204 2829 352 2909 vigaturus
365 2826 500 2889 videtur:
516 2828 587 2886 mihi
598 2844 695 2887 autem
713 2829 822 2887 dixerat
835 2843 888 2918 per

205 2902 334 2969 Siciliam
348 2907 529 2983 :utrim,&
547 2907 665 2989 quando
676 2953 686 2983 ‚
697 2908 789 2972 veiim
807 2903 890 2964 serre.
