2125 3784
204 330 269 394 'Ao
284 316 493 390 Anareorr
507 316 596 392 Lm.
609 318 696 394 XV.
724 342 792 422 ²05

159 438 264 510 [ones3
289 435 507 518 Decimumque
531 439 656 520 graviter
678 439 796 501 accusa·

159 564 162 579 .
177 518 244 602 Ego
261 519 408 602 negabam
424 536 562 599 oportere
579 522 720 599 preterita
733 542 740 580 :
751 521 796 583 as-

159 602 247 663 iebar
260 620 368 661 tamen.
381 596 545 681 Quumque
558 601 692 683 ingressus
703 600 793 663 essent

159 701 223 755 tre,
246 682 318 764 quid
339 677 529 760 oportuisset,
547 702 602 743 nec
621 683 692 742 vero
707 684 793 764 quid·

159 784 189 824 m
201 765 275 823 novi
287 807 297 836 ‚
317 761 366 822 sed
378 781 413 822 ea
427 807 436 832 ‚
451 782 515 842 quae
527 763 661 842 quotidie
671 784 795 839 omnes;

168 862 270 907 tamen
288 843 370 903 illum
390 842 489 903 locum
507 846 669 926 attingere,
682 866 791 927 quem-

159 946 188 985 m
202 944 344 1006 praeterea
360 924 516 1004 oportuisse
528 928 627 1007 tangi3
646 926 695 987 sed
709 926 792 989 sena·

159 1040 163 1065 r
189 1011 324 1080 vocari,
352 1008 497 1086 populum
523 1008 675 1068 arden-tem
697 1006 790 1071 studio

159 1090 301 1149 ementiias
310 1089 423 1147 incitati
434 1133 443 1159 ,
457 1105 548 1148 totam
560 1087 701 1168 suscipere
712 1110 790 1151 rem-

159 1168 270 1229 licam:
288 1169 432 1229 exclamat
453 1188 502 1230 tua
524 1168 700 1229 familiaris?
724 1175 790 1232 Hoc

159 1252 167 1307 l
185 1252 312 1311 neminem
328 1271 454 1328 umquam
468 1253 578 1310 audivi.
596 1250 660 1333 Ego
678 1251 790 1332 repres-

159 1330 213 1393 Sed
233 1330 265 1394 ἃ
287 1329 404 1392 Cassius
430 1332 499 1391 nihi
525 1332 677 1394 videbatur
696 1336 787 1397 ituros

159 1414 237 1477 enim
259 1410 380 1475 Servilia
403 1413 593 1493 pollicebatur
616 1414 644 1475 se
668 1434 787 1476 curam·

170 1538 182 1569 ‚
199 1512 232 1557 ut
251 1495 300 1555 illa
314 1492 452 1555 frumenti
473 1498 584 1555 curatio
602 1496 640 1555 de
659 1495 787 1558 senatus·

159 1572 230 1639 fulto
247 1576 426 1656 tolleretur)
443 1576 475 1635 &
496 1574 592 1635 noller
610 1579 669 1636 εἰτὸ
688 1577 787 1653 dejec-

159 1654 202 1719 est
219 1657 256 1719 de
275 1656 326 1718 illo
345 1659 424 1717 inani
440 1654 574 1717 sermone
584 1675 594 1729 ;
612 1658 689 1717 velle
705 1663 786 1718 enim

159 1736 264 1801 literar.
283 1737 440 1799 Conllituit
456 1739 565 1820 igitur,
584 1755 616 1797 ut
633 1738 715 1811 ludi,
735 1741 787 1797 ab·

159 1818 224 1881 ese
244 1864 255 1894 ‚
276 1818 380 1880 fierent
398 1817 448 1879 suo
471 1821 592 1878 nomine
611 1844 619 1878 r
640 1816 787 1901 proficisci

159 1920 194 1961 an
209 1900 284 1961 mihi
301 1903 329 1961 in
347 1900 448 1961 Asiam
464 1900 616 1962 videbatur
635 1902 672 1959 ab
692 1901 784 1962 Antio

159 2002 180 2045 e.
198 1981 248 2044 Ne
263 1983 353 2043 multa
369 1982 461 2055 ;nihrl
479 2002 526 2041 me
544 1984 573 2040 in
590 1981 640 2042 illo
659 1984 782 2059 itinere,

159 2084 198 2127 ter
208 2062 437 2135 conscientiam,
452 2061 620 2124 deletlavit:
632 2066 784 2124 nonenim

161 2142 406 2208 committendum
417 2189 427 2218 ‚
437 2163 469 2204 ut
478 2146 526 2205 ille
539 2165 575 2205 ex
586 2142 668 2204 ltalia
681 2148 759 2225 priits
770 2189 782 2221 ‚

159 2250 182 2289 n
200 2249 220 2288 a
240 2247 289 2287 me
308 2246 471 2287 conventus
489 2225 581 2297 effer,
604 2225 782 2288 discederet:

167 2308 291 2389 dempto
308 2326 427 2367 munere
445 2308 550 2365 amoris
568 2325 655 2386 atque
672 2305 784 2384 officii,

159 2392 294 2464 rebatur,
311 2406 342 2450 ut
362 2407 478 2448 mecum
496 2384 574 2466 ipse:

159 2506 300 2586 Ἱιῧρᾪᾶς
311 2541 351 2573 rot
365 2517 392 2573 rs
403 2507 507 2572 lsralar
519 2514 558 2568 ιὸν
570 2509 721 2588 &temeson

159 2626 211 2690 sus
226 2628 391 2693 dissolutum
411 2626 522 2691 offendi
543 2631 714 2711 navigium,
730 2624 785 2691 vel

159 2710 190 2773 hs
210 2712 379 2794 dissipatum
403 2732 411 2771 z
435 2711 505 2771 nihil
528 2714 679 2786 consilio,
708 2710 782 2769 nihil

159 2812 223 2868 me,
239 2794 309 2854 nihil
325 2795 436 2854 ordine.
452 2791 553 2873 ltaque
569 2796 623 2853 etsi
640 2813 676 2850 ne
696 2808 784 2853 antea

159 2890 211 2939 em
227 2874 384 2951 dubitavi,
398 2892 498 2937 tamen
516 2893 593 2935 nunc
611 2875 650 2934 eb
661 2871 780 2953 timisa,
