2125 3784
264 407 334 479 234
449 328 783 451 Enusronn⁴
851 438 855 445 .
938 368 969 393 ''

259 500 308 561 ille
332 496 425 559 doluit
447 497 484 558 de
504 497 600 559 Nonis
619 495 741 560 Iuliis!
766 492 889 559 mirifici
905 496 939 561 eu

259 578 445 641 conturbatus
465 598 473 637 ε
492 581 588 660 itaque
608 575 666 638 sese
693 575 869 658 stn’ptnmnt
885 580 939 641 nin·
971 654 973 659 Ι

258 661 331 733 bat,
349 677 381 721 ut
396 660 585 723 venationem
603 660 714 733 etium,
730 676 798 739 que
813 656 940 740 postridie

259 741 346 803 ludos
370 738 557 822 Apollinares
582 737 677 801 futura
697 735 766 812 nst,
787 738 941 821 proscribo

264 839 351 895 rent,
371 839 424 885 ιιι
442 819 487 883 ld.
506 823 607 904 Quint.
628 817 703 881 Libo
723 822 942 883 intermittit

260 901 443 977 Philonem,
464 901 596 984 Pompeii
620 902 766 962 libertum·
775 944 792 977 ,-
810 901 845 963 &
865 900 942 963 liin·-

263 1005 325 1046 rum
344 983 424 1044 suum
439 983 573 1045 libertum
590 1025 601 1057 ‚
619 978 728 1043 veniss'e
744 1004 763 1043 ι
778 980 872 1045 Sento
884 1002 942 1045 eunt

262 1064 365 1127 litteris
383 1065 420 1125 ad
438 1062 569 1126 consules
587 1106 598 1138 ‚
616 1063 678 1124 sive
695 1084 756 1144 quo
776 1064 840 1125 alio
857 1065 944 1127 nomi-

264 1165 303 1207 ne
327 1144 419 1207 sunt:
442 1164 542 1206 eanum
566 1143 734 1224 exemplum
758 1144 849 1207 nobit
872 1145 943 1229 legin

266 1224 339 1288 Dixi
365 1225 434 1307 quid
459 1225 608 1286 videretur
625 1244 635 1286 t
652 1244 752 1305 pauca
771 1224 849 1307 ugit
864 1228 940 1299 nib:

265 1307 413 1386 ceteroqui
431 1305 464 1365 &
480 1303 546 1366 satis
560 1307 709 1445 graviter,
724 1305 759 1367 &
773 1324 837 1365 non
850 1318 944 1367 contn-
984 1358 986 1401 Ι

266 1388 386 1447 muciter
396 1407 404 1445 t
414 1385 557 1447 tantuma
580 1387 610 1447 di
622 1385 755 1467 placuit,
774 1384 858 1467 quod
867 1402 945 1461 emt,
984 1434 986 1443 .

264 1465 329 1544 coffi
346 1465 468 1539 solium,
490 1483 523 1528 ut
545 1463 638 1541 nll'et,
655 1485 746 1546 prete.
776 1466 858 1529 tribb.
876 1466 942 1549 piel.

258 1545 396 1627 seriani,-
411 1565 449 1605 ne
463 1545 506 1607 illi
527 1568 590 1607 non
609 1545 773 1627 proferrent
792 1566 869 1624 ens,
886 1568 943 1631 qun
978 1586 980 1591 ·

267 1626 304 1685 ad
324 1625 401 1707 ipsos
419 1625 505 1686 miffae
519 1625 618 1688 essent.
635 1626 756 1688 Sextum
767 1644 944 1689 autemnnn·

266 1708 340 1768 tiant
358 1730 426 1767 cum
449 1729 507 1767 una
524 1707 618 1768 solium
635 1707 753 1787 legione
773 1706 856 1769 fitilie
875 1706 944 1769 Car·

267 1787 383 1870 thngine
397 1809 407 1862 ;
423 1790 507 1869 eique
519 1809 558 1849 eo
570 1785 633 1868 ipso
651 1788 721 1862 die,
735 1810 797 1871 quo
810 1811 831 1849 o
853 1788 945 1871 pidum

266 1867 394 1932 Boream
411 1867 548 1948 cepisset,
569 1870 731 1929 nuntiatum
752 1866 811 1931 elle
828 1810 864 1931 ie
883 1865 946 1931 Cn·

265 1947 326 2010 sure
337 1968 345 2007 t
358 1964 444 2027 capto
458 1948 571 2028 oppido
581 1995 590 2023 ‚
601 1951 704 2009 miram
713 1949 948 2024 laetitianssom·

266 2031 516 2109 mutationemque
527 2032 710 2104 animorum,
722 2030 948 2114 concursumque

266 2110 416 2189 undique:
431 2108 480 2170 sed
494 2111 576 2171 illum
594 2111 632 2171 ad
650 2111 698 2172 sex
714 2111 869 2196 legiones,
884 2132 948 2195 quas

266 2191 298 2249 in
317 2190 452 2250 ulteriore
471 2189 648 2272 reliquiilet‚
667 2190 826 2257 revertiffe.
845 2193 912 2254 Adi
965 2232 967 2241 =

266 2268 329 2332 sum
351 2288 449 2332 autem
466 2271 610 2334 Libonem
628 2271 739 2355 scripsit
756 2320 767 2350 ‚
784 2275 857 2336 nihil
875 2214 950 2349 clf,

267 2353 324 2415 nisi
343 2352 380 2413 ad
391 2353 581 2415 laremsuum
600 2353 701 2415 liceret
713 2376 721 2415 ε
732 2355 845 2417 summa
856 2353 950 2438 postn-

266 2433 413 2510 latotum,
431 2452 464 2496 ut
475 2456 578 2497 omnes
596 2437 737 2497 exercitus
754 2436 951 2510 dimittantur,

269 2518 319 2655 qui
337 2515 445 2598 ubique
464 2519 530 2576 sint.
549 2517 621 2576 Haec
640 2517 702 2578 fere
722 2518 759 2578 de
782 2517 883 2580 Sento.
901 2514 951 2578 De

297 2596 430 2659 uthrotiis
449 2597 576 2677 undique
594 2618 724 2679 quaerens
742 2599 814 2663 nihil
832 2619 863 2661 re
915 2600 953 2659 'e-

269 2673 339 2736 bam
349 2697 356 2737 :
368 2679 437 2750 alii,
458 2675 588 2736 concisos
602 2682 764 2774 agripetas3
785 2682 855 2755 alii,
893 2680 955 2741 lan·

270 2776 363 2831 cum,
379 2759 504 2837 acceptis
518 2778 667 2833 nummis,
686 2761 790 2822 reliilis
807 2762 882 2835 illis,
897 2781 956 2820 au-

269 2836 395 2919 sugillet
413 2840 509 2918 itaque
532 2859 592 2898 non
612 2841 703 2902 video
728 2841 862 2904 sciturum
878 2860 956 2914 me,

269 2917 340 3000 quid
356 2915 418 2998 ejus
431 2921 489 2997 sit,
506 2920 538 2982 ni
550 2917 644 2984 statim
661 2922 770 3006 aliquid
788 2925 957 2989 litterarum.

123 3056 303 3395 l«
