2125 3784
88 378 150 434 ,ω
167 362 371 431 ΑπιευΜ
388 362 473 433 Ltn.
488 362 594 432 XVI.
622 344 690 458 245

86 508 103 541 n
120 481 183 541 sine
209 480 286 540 vallo
305 478 453 540 Luciliano
473 524 482 553 ‚
504 499 572 539 eum
594 499 630 539 ex
648 476 695 557 Q.

104 559 162 621 filia
184 561 291 622 liberos
312 559 448 622 habuisse.
469 564 561 641 Atque
583 563 694 621 utinam

93 640 173 702 diem
194 642 337 715 videam,
357 664 446 722 quum
469 640 518 700 ista
542 648 633 702 oratio
653 644 694 701 ita

86 728 96 781 1
112 742 235 805 vagetur
251 768 262 796 ‚
279 744 311 785 ut
331 726 418 783 etiam
437 727 465 781 in
484 722 554 782 Sicae
572 724 694 783 domum

86 821 131 863 eat
151 825 157 860 :
178 803 226 862 sed
244 804 292 865 illo
313 825 446 884 tempore
468 824 543 883 opus
560 801 621 872 est,
641 827 694 884 quo

86 904 107 945 ie
130 885 175 943 illi
195 888 351 946 Triumviri.
370 885 502 957 Moriar,
521 887 575 943 nisi
591 885 696 946 faceti.

86 965 150 1026 ierb
171 964 251 1046 leges
273 965 363 1027 Sexto
386 1012 396 1039 ,
418 963 537 1046 ejusque
556 966 695 1040 judicium

94 1043 260 1126 perscribes.
282 1052 324 1110 Eis
343 1052 399 1122 inei
417 1056 511 1123 μυρίοι.
528 1044 632 1106 Caleni
654 1050 695 1107 in·

86 1146 174 1187 :ntum
192 1171 203 1200 ‚
223 1128 255 1186 &
283 1123 423 1186 Calvenae
448 1131 574 1186 cavebis.
599 1126 695 1206 Quid

86 1208 122 1267 ris
129 1226 166 1267 ne
180 1206 317 1281 ἑὶίλισχος
327 1226 335 1264 :
347 1208 417 1265 mihi
428 1226 458 1264 tu
471 1207 482 1264 ?
499 1209 562 1287 quis
579 1208 695 1270 miniisi

105 1304 135 1347 ut
155 1284 339 1365 Aristophani
365 1286 532 1348 Archilochi
557 1292 696 1366 iambus,

90 1364 191 1451 pistola
203 1367 372 1448 longissima
388 1389 510 1448 quaeque
523 1373 636 1450 optima
647 1373 694 1431 vi·

87 1472 103 1509 r.
116 1448 211 1527 Quod
225 1468 273 1508 me
285 1448 426 1509 admones
441 1470 450 1521 ;
467 1466 496 1508 tu
516 1455 587 1510 verb
606 1454 696 1513 etiam

88 1529 283 1613 prehenderes
304 1574 314 1602 ,
333 1550 393 1588 non
418 1530 508 1590 modb
533 1531 615 1591 facili
639 1554 696 1612 pa·

106 1654 117 1685 ,
142 1608 191 1671 sed
212 1612 300 1671 etiam
317 1610 450 1681 laetarer3
477 1614 586 1691 quippe
606 1632 697 1692 quum

87 1692 275 1773 prehensione
285 1687 326 1750 est
336 1691 487 1769 prudentia
497 1712 563 1750 cum
573 1691 700 1771 ιόμιιιίᾳ.

87 1772 196 1835 ibenter
213 1793 249 1833 ea
267 1773 409 1853 corrigam
429 1815 439 1843 ‚
461 1790 525 1850 quae
545 1794 561 1831 a
581 1790 610 1832 te
633 1775 698 1831 ani-

87 1854 161 1917 versa
172 1853 253 1923 sunt,
270 1856 360 1912 eodem
371 1874 431 1927 iure
443 1894 453 1923 ,
467 1875 521 1931 quo
534 1854 701 1928 Rubriana,

87 1956 111 1995 ιε
125 1980 135 2009 ,
153 1936 241 2016 quim
255 1957 308 2015 quo
321 1936 480 2013 Scipionis:
492 1934 522 1993 &
544 1935 581 1994 de
602 1934 701 1994 laudi·

87 2014 242 2077 )0labe11ae
256 2016 372 2075 deruam
387 2015 543 2074 cumulum.
560 2015 700 2076 Attamen
800 2032 802 2037 '

87 2098 118 2159 lo
128 2097 196 2158 loco
206 2097 299 2168 bella,
309 2116 340 2156 ut
353 2099 420 2155 mihi
432 2097 567 2170 videtur,
581 2101 700 2176 sigmn'ae,

87 2180 183 2239 lenm
200 2199 244 2241 ter
264 2197 363 2237 contra
386 2179 464 2237 cives
485 2181 516 2236 in
537 2183 607 2238 acie.
624 2177 700 2238 lllud

87 2279 103 2319 n
123 2261 200 2319 malo
217 2306 227 2332 ,
250 2260 466 2341 indignissimum
483 2260 517 2338 est
534 2261 604 2317 hunc
617 2262 701 2316 vive-

98 2341 186 2421 quim
199 2383 210 2413 ‚
225 2343 292 2421 qnid
308 2339 476 2421 indignius?
491 2338 701 2415 Πιπλογμφίαι

87 2422 160 2482 ronis
178 2422 231 2481 tibi
253 2423 368 2501 probari
391 2439 450 2478 non
473 2417 591 2478 molesti
615 2417 702 2492 fer03

87 2524 113 2563 ιο
131 2500 223 2561 adhuc
240 2498 414 2584 Ημιλάδιω
429 2499 497 2558 illud
517 2520 576 2558 non
592 2497 705 2560 abstuli.

87 2581 116 2643 id
133 2602 181 2643 me
196 2583 316 2643 hortaris
334 2581 370 2640 ad
389 2579 568 2640 scribendum
584 2603 592 2648 3
610 2581 705 2640 amic&

87 2662 202 2724 uidem:
219 2661 268 2724 sed
284 2680 331 2722 me
342 2661 411 2722 scito
431 2682 517 2744 agere
534 2662 604 2720 nihil
616 2657 705 2719 aliud.

88 2746 163 2805 vedo
177 2765 226 2805 tua
241 2744 311 2803 mihi
324 2741 444 2804 molesta
452 2743 493 2804 est
505 2764 512 2802 :
522 2741 618 2823 quaeso
630 2783 640 2812 ,
653 2737 708 2797 ad·

100 2868 113 2905 ‚
133 2846 222 2910 quam
239 2823 314 2889 soles
333 2868 346 2903 ,
367 2825 556 2963 diligentiailn.
579 2825 606 2881 0
627 2820 712 2894 lite,

567 2920 588 2962 v
