2125 3784
232 344 295 396 AD
317 325 524 393 Arrrcrn
546 322 634 392 Lra.
655 323 727 394 XI.
769 346 811 417 ¹9

126 441 258 507 cessarius
269 487 279 516 ,
290 460 411 522 magnas
428 461 531 522 operas
543 442 572 499 in
586 456 691 520 portu,
703 439 818 500 &scri-

102 574 106 579 .
125 526 214 609 pturi
232 523 311 583 Asiae
354 547 387 584 ro
403 520 656 604 magistrodedit:
676 524 699 581 is
715 521 817 601 Quin·

127 625 194 667 rum
214 602 303 664 silium
321 544 430 686 liphesi
448 603 524 666 vidit
544 620 581 661 vr
603 602 648 663 ld.
667 601 822 662 Decemb:

132 705 255 766 eumque
275 682 402 748 studiose
424 701 548 767 propter
572 686 728 744 amicitiam
746 682 819 743 nos-

122 784 208 828 'tram
232 768 364 828 invitavit
384 787 394 841 3
420 783 571 849 quumque
596 785 690 826 exeo
713 765 750 824 de
769 783 817 825 me

133 846 332 923 cunsiaretur,
345 869 413 910 eum
429 849 485 908 sibi
498 849 539 906 ira
556 845 654 906 dixisse
671 845 817 918 narrabat,

132 927 255 992 sermilri
276 927 332 991 esse
350 932 604 1001 inimicissimum3
621 927 823 1006 volumenque

133 1011 188 1071 sibi
208 1007 359 1072 ostendisse
375 1012 515 1071 orationis
528 1054 538 1083 ‚
551 1029 639 1089 quam
656 1008 733 1088 apud
748 1006 824 1067 Cae-

132 1091 227 1153 sarem
252 1108 352 1151 contra
368 1111 417 1152 me
440 1089 511 1157 esset
529 1089 704 1148 habiturus:
732 1089 825 1148 multa

133 1193 152 1232 a
171 1171 202 1244 se
227 1169 303 1231 diua
319 1191 424 1240 eontra
439 1169 504 1250 ejus
521 1172 680 1230 amentiam
701 1188 711 1240 ;
734 1169 826 1227 multa

134 1249 238 1334 postea
247 1249 334 1312 Patris
346 1252 489 1314 consimili
499 1251 609 1312 scelere
619 1249 716 1310 secum
728 1248 826 1326 Quin-

135 1352 200 1393 tum
222 1350 335 1414 patrem
357 1334 510 1394 locurum:
529 1329 611 1410 cujus
631 1330 763 1391 furorem
788 1349 827 1390 erc

138 1416 173 1474 iis
191 1411 344 1494 epistolis,
363 1434 434 1496 quas
448 1413 486 1474 ad
506 1430 536 1474 re
554 1414 644 1487 misi,
662 1411 826 1492 perspicere

140 1493 268 1574 potuisti.
283 1494 357 1554 Haec
375 1497 429 1555 ribi
445 1493 546 1555 dolori
559 1491 616 1554 esse
637 1494 716 1553 cerri
736 1491 795 1551 scio
816 1511 824 1549 :

143 1592 195 1630 me
208 1573 325 1651 quidem
336 1578 523 1645 excruciem,
534 1574 566 1633 &
578 1575 615 1635 ei>
624 1576 730 1655 magis,
747 1572 827 1652 quod

146 1651 223 1712 mihi
243 1671 309 1711 cum
325 1654 380 1712 illis
396 1675 434 1714 ne
448 1653 588 1734 querendi
599 1655 714 1733 quidem
729 1654 828 1713 locum

142 1731 279 1792 futurum
303 1748 388 1811 puto.
410 1732 461 1794 De
480 1732 620 1792 Africanis
640 1737 722 1794 rebus
740 1735 829 1815 longi

142 1813 199 1873 alia
224 1812 332 1887 nobis,
358 1834 392 1872 ac
413 1831 444 1874 ru
465 1811 629 1892 scripseras,
647 1819 830 1887 nuntiantur3

141 1893 213 1954 nihil
238 1895 319 1954 enirn
338 1890 446 1953 firmius
464 1890 520 1954 esse
543 1893 660 1970 dicunt,
680 1897 751 1956 nihil
772 1918 830 1976 pa-

141 1977 249 2034 ratiusz
268 1973 382 2032 accedit
400 1973 560 2052 Hispania,
583 1977 615 2033 &
636 1978 758 2036 alienata
771 1977 829 2037 lra-

142 2055 197 2129 lia3
216 2053 368 2136 legionum
385 2072 441 2114 nec
456 2056 501 2117 vis
516 2054 639 2128 eadem,
654 2078 709 2117 nec
723 2059 831 2116 volun·

143 2153 184 2196 tas
203 2151 214 2208 3
232 2135 350 2194 urbanae
368 2155 413 2196 res
431 2136 564 2216 perdirae.
591 2134 676 2214 Quid
696 2136 759 2211 est,
777 2139 827 2198 ubi

145 2214 353 2298 acquiescam,
381 2219 435 2276 nisi
460 2217 549 2298 quiam
574 2217 623 2276 diu
640 2235 703 2276 tuas
722 2220 832 2280 litteras

145 2296 237 2380 lego?
254 2317 321 2377 quae
336 2293 426 2358 essent
445 2296 577 2378 profesio
601 2298 787 2372 crebriores,
807 2302 831 2360 si

148 2379 217 2460 quid
240 2377 362 2438 haberes
383 2399 474 2459 ,quo
497 2396 615 2458 putares
638 2399 734 2438 meam
761 2401 833 2439 mo-

148 2457 258 2521 lestiam
277 2461 367 2518 minui
381 2457 479 2540 posse:
499 2459 550 2518 sed
567 2477 712 2520 tumente
730 2481 804 2542 rogo
821 2506 834 2535 ,

151 2560 187 2600 ne
204 2541 379 2605 inrermirtas
403 2539 525 2600 scribere
543 2539 579 2598 ad
602 2560 673 2614 me,
693 2542 834 2622 quidquid

152 2621 224 2694 erit,
235 2620 362 2701 eosque,
382 2623 432 2704 qui
449 2622 520 2680 mihi
537 2639 595 2679 tam
613 2621 765 2682 crudeliter
780 2626 836 2682 ini·

153 2703 219 2761 mici
237 2699 325 2777 sunt,
345 2704 373 2761 si
396 2701 485 2762 odisse
505 2723 566 2762 non
586 2719 671 2782 potes
690 2748 700 2774 ,
720 2703 836 2762 accuses

157 2797 273 2857 ramen3
295 2804 357 2842 non
376 2801 409 2842 ut
427 2783 533 2864 aliquid
550 2781 710 2862 proficias,
731 2783 780 2842 sed
801 2795 837 2839 ut

163 2880 200 2925 ue
220 2865 275 2933 ribi
297 2884 398 2926 carum
417 2862 472 2926 csse
493 2864 624 2926 sentiant.
648 2863 734 2924 Plura
753 2860 790 2948 ad
805 2876 838 2922 te
