2125 3784
276 340 344 415 168
456 338 769 407 Entsnosa

274 456 327 517 tibi
343 454 471 515 dandum
488 470 644 533 putarem
660 468 723 513 tum
741 450 783 512 do
803 452 894 514 etiam
907 452 955 513 hn-

273 536 404 597 manitati
422 534 456 597 &
473 550 582 592 naturae
604 551 695 593 meae:
714 531 785 593 nihil
805 534 888 605 enitn
899 554 956 593 nn·
988 602 989 607 ἵ

273 636 361 697 quam
374 613 541 687 nonmodb
556 612 694 672 acerbum
706 614 738 675 in
755 632 806 675 me
822 611 879 675 fuit
891 614 902 689 ,’
913 612 954 689 sed
988 636 989 669 t

274 717 312 757 ne
340 697 429 778 pauli>
453 694 573 790 qnidem
592 689 721 769 tristius,
742 709 794 755 aut
813 692 954 768 severitis,
987 674 989 729 i

274 775 362 919 ἓξὲξ]
376 772 955 934 ”zi“„⁵2¹²·5„‘3}?s:?n¹³‘;titi¹¹²cissniss
988 784 989 843 ³

274 902 608 1020 meum'insigne'odium
618 932 705 995 fuerit
712 952 875 1017 umquam
886 934 954 997 sem·

276 1038 387 1100 perque
414 1020 454 1079 ita
479 1016 591 1090 statui,
615 1036 675 1077 non
702 1011 760 1077 effe
783 1014 954 1077 insonando

276 1102 460 1161 inimicorum
485 1100 621 1171 amicos,
644 1094 804 1177 presertim
829 1096 955 1157 humilio·

277 1201 354 1341 gs?
380 1200 435 1321 nlec
458 1179 503 1317 hi}
527 1174 664 1316 presidiis
682 1172 954 1325 enosmglnffisffi

312 1282 388 1321 otan
409 1281 453 1322 os.
503 1278 551 1317 am
598 1277 615 1318 e
643 1278 681 1338 pu
701 1277 734 1319 to
893 1294 896 1299 ·

279 1355 375 1420 partes
392 1336 449 1413 effe
467 1338 610 1413 arbitror,
628 1357 661 1399 ut
684 1334 748 1414 eius
771 1340 902 1401 animun
917 1354 956 1399 te·
982 1366 984 1371 ·

568 1543 578 1574 θ

279 1581 405 1655 residere
422 1582 452 1641 in
471 1579 585 1641 familiis
596 1577 698 1640 nostris
709 1579 873 1643 arbitrem.
883 1574 959 1645 cou-

280 1661 363 1723 tendi
381 1683 447 1723 cum
469 1661 501 1724 P.
522 1658 658 1735 Clodio,
717 1681 770 1721 utu
786 1680 849 1744 ego
868 1658 958 1745 publi-

282 1763 346 1804 cant
366 1742 499 1818 causam,
518 1743 567 1804 ille
582 1740 660 1802 suam
697 1739 854 1805 efenderet
870 1760 880 1803 t
898 1738 959 1805 nes·

226 1826 230 1833 '
282 1841 339 1885 tras
357 1825 588 1885 concertationes
600 1820 758 1903 respublica
771 1819 958 1902 dijudicavit:

283 1907 305 1961 si
323 1906 464 1977 viveret,
486 1904 556 1963 mihi
576 1923 641 1963 cum
662 1902 714 1963 illo
735 1902 818 1963 nulla
839 1919 959 1967 conten·

282 1981 324 2041 tio
343 1980 402 2059 jam
420 2001 560 2044 maneret.
580 1981 705 2060 Quare,
721 1984 866 2065 quoniam
877 1984 960 2045 hoca

281 2080 329 2121 me
350 2064 389 2120 sic
410 2066 506 2143 petis,
524 2081 579 2138 ut,
601 2084 665 2145 quae
685 2080 735 2124 tua
759 2062 888 2145 potestas
903 2061 961 2136 est,

280 2141 317 2203 ei
336 2160 426 2223 neges
452 2159 482 2204 te
509 2164 557 2204 me
582 2146 675 2205 invito
705 2143 823 2207 usurum
842 2167 853 2223 ;
874 2164 960 2243 poeto

280 2240 399 2303 quoque
424 2224 481 2285 hoc
503 2247 520 2284 a
540 2245 588 2285 me
607 2225 712 2299 dabis,
734 2227 758 2285 si
775 2226 829 2287 tibi
852 2225 961 2288 videbi·

281 2320 351 2362 tur:
371 2325 432 2364 non
455 2306 514 2387 qud
536 2325 584 2367 aut
609 2325 677 2366 aetas
703 2303 800 2366 nostra
823 2306 861 2366 ab
892 2306 962 2368 illius

281 2399 365 2444 aetate
384 2386 541 2469 quidquam
557 2385 664 2447 debeat
680 2388 799 2465 periculi
818 2378 961 2468 suspicari,

279 2481 328 2522 aut
345 2464 468 2545 dignitas
485 2489 551 2528 mea
565 2469 652 2528 ullam
672 2469 894 2529 contentionem
912 2486 963 2527 ex·

278 2544 425 2619 timescat3
445 2546 493 2607 sed
505 2566 536 2609 ut
553 2548 723 2627 nosmetipsi
733 2549 809 2608 inter
824 2568 880 2609 nos
892 2567 963 2608 con·

279 2619 434 2703 junffiores
448 2631 557 2702 simus,
574 2628 660 2711 quim
670 2627 763 2688 adhuc
773 2627 881 2689 nimis
897 2648 906 2686 ε
924 2630 965 2687 in·

279 2705 495 2785 terpellantibus
513 2713 592 2770 enim
612 2710 656 2769 his
675 2709 833 2770 inimicitiis
854 2709 964 2767 animus

278 2800 344 2846 tuus
355 2786 424 2846 tnihi
436 2793 524 2872 tnagis
538 2793 648 2872 patuit,
669 2787 759 2870 quim
777 2789 891 2850 domus.
905 2784 966 2847 Sed

278 2865 341 2945 dtaec
356 2866 502 2947 hedenus.
518 2870 594 2934 sslud
612 2886 776 2933 extremum
786 2890 796 2949 ς
808 2888 864 2954 ego
875 2912 888 2943 ,
898 2888 966 2951 que

935 2965 965 3009 te
