2125 3784
250 373 320 447 sss
422 351 735 440 'ruinosa
791 378 798 385 ··

239 491 374 577 speresde
385 489 470 560 illis,
492 491 522 548 in
538 488 720 570 Tusculanum
735 488 777 547 ad
791 506 834 547 me
843 486 934 562 scriis:

288 571 388 632 Habes
410 570 496 631 Hirtii
518 570 694 651 epistolam:
717 572 765 630 cui
784 568 936 653 rescripsi,

245 655 286 716 nil
298 656 363 716 illos
375 653 494 715 calidius
511 654 638 723 cogitare
650 699 660 727 ‚
674 652 766 734 idque
782 652 936 715 confirma·

245 739 287 800 vi.
310 737 379 797 Hoc
401 735 611 817 qualecumque
630 732 717 807 effer,
737 752 767 794 re
785 733 857 794 seire
878 756 935 796 vo-

244 817 287 881 lui
323 817 489 901 Obsignatri
518 815 576 894 jam
598 814 718 897 epistoli
738 858 749 889 ‚
770 812 883 876 Balbus
901 815 935 880 ad

245 920 322 971 me,
344 900 493 962 Serviliam
519 897 653 972 rediisse,
677 895 854 959 confirmare
878 908 937 975 nuri

244 979 422 1047 discessuros.
441 979 525 1040 Nunc
545 978 679 1060 exspebio
697 1001 713 1038 a
733 998 763 1038 re
783 979 906 1044 litteras.
931 975 942 1021 ·’

363 1102 521 1166 Crcsno
548 1098 713 1160 Arrrco
738 1098 823 1163 Snt.

246 1192 460 1286 uTnmo
477 1223 578 1284 Nona
597 1220 710 1301 vesperi
728 1243 745 1281 a
762 1220 858 1281 uano
874 1180 937 1283 ren

246 1308 314 1367 ditae
332 1307 401 1366 mihi
416 1308 540 1379 linem,
555 1302 619 1363 fure
636 1304 728 1362 Nonis
741 1302 892 1378 senatum,
906 1318 938 1367 ut

244 1384 349 1448 Brutus
362 1389 391 1446 in
404 1387 474 1447 Asia
488 1433 498 1458 ‚
515 1385 633 1447 Cassius
649 1386 678 1443 in
697 1384 794 1446 Sicilia
805 1384 937 1447 frumen·

244 1484 307 1528 turn
325 1468 481 1530 emendum
497 1513 508 1542 ,
524 1468 557 1527 δι
579 1465 614 1525 ad
637 1470 739 1527 urbem
758 1468 938 1529 mittendum

244 1569 383 1631 putarent.
400 1548 431 1611 O
442 1570 504 1610 rem
520 1548 653 1608 miseram
670 1547 678 1606 l
700 1550 828 1629 primum
847 1550 938 1611 ullam

244 1632 284 1711 ab
302 1632 379 1705 istis3
396 1632 489 1707 dein,
509 1633 532 1690 si
554 1631 679 1710 aliquam
699 1674 708 1700 ‚
729 1631 802 1690 hanc
822 1631 941 1715 legatos

245 1716 318 1775 rium
334 1716 515 1796 provinciam
529 1729 633 1851 :argue
649 1711 725 1770 haud
739 1711 797 1772 scio
817 1732 855 1772 an
874 1732 938 1776 mee

244 1795 300 1856 lius
318 1799 382 1871 sir,
406 1795 493 1877 quim
513 1795 549 1855 ad
599 1809 713 1852 urotam
734 1793 836 1855 sedere
858 1814 867 1855 ε
887 1793 936 1857 seri

243 1875 306 1938 baec
324 1878 400 1937 casus
420 1875 602 1957 gubernabit.
619 1872 672 1932 Ait
692 1893 809 1951 autern,
826 1877 939 1940 eodem

244 1975 380 2037 tempore
398 1957 548 2016 decretum
570 1957 624 2028 iri,
642 1974 674 2014 ut
695 1958 752 2032 iis,
770 1957 936 2042 &reliquis

242 2037 385 2121 praetoriis
403 2038 560 2118 provincia
570 2036 773 2098 decernantur.
786 2039 856 2100 Hoc
871 2060 935 2102 cen·

243 2120 273 2181 rb
286 2120 388 2179 melius
400 2165 408 2192 ,
427 2119 514 2200 quim
526 2119 574 2177 illa
585 2116 701 2179 Persice
711 2123 842 2201 punicus
854 2144 863 2182 ε
879 2143 935 2185 no·

242 2196 275 2283 lo
300 2203 378 2260 enim
403 2199 644 2261 Lacedaemonem
662 2201 853 2285 longinquam
874 2203 935 2265 ια*

241 2284 364 2343 nuvium
377 2281 538 2343 existimari.
552 2281 664 2356 Rides,
678 2283 792 2364 inquies
813 2332 822 2357 ,
844 2289 873 2345 in
887 2303 934 2346 ta·

240 2363 317 2442 libus
342 2365 454 2426 rebus?
470 2365 540 2446 quid
560 2361 686 2424 fariam?
708 2366 855 2444 plorando
876 2364 932 2427 fes·

241 2442 287 2507 sus
307 2444 378 2506 sum.
394 2446 448 2507 Dii
466 2449 642 2507 immonales
661 2446 670 2506 l
687 2445 774 2525 quiin
790 2469 840 2509 me
858 2467 930 2509 con·

240 2522 388 2588 {urbatum
408 2531 500 2588 renuit
520 2527 647 2609 epistolae
672 2547 727 2586 ruae
750 2532 831 2610 prior
852 2532 933 2673 pa?-

140 2631 143 2637 ·
241 2615 280 2673 na
300 2608 308 2667 l
332 2609 401 2690 quid
427 2626 522 2670 autem
544 2606 593 2669 iste
615 2611 645 2668 in
667 2608 758 2671 domo
777 2629 827 2671 tua
852 2635 885 2672 ca
899 2632 932 2673 us

242 2690 411 2763 armorum?
432 2690 481 2752 sed
500 2693 577 2770 hunc
592 2691 710 2772 quidem
723 2694 858 2754 nimbum
871 2695 931 2756 cirb

242 2772 378 2835 transiille
398 2773 490 2833 laetor.
508 2771 555 2832 Tu
571 2771 640 2912 ffirid
659 2778 752 2856 egeris
771 2776 820 2836 tui
840 2794 931 2858 quum

241 2855 311 2916 tristi
327 2903 337 2931 ‚
356 2876 417 2919 tum
436 2859 521 2932 eriam
542 2853 571 2913 di
605 2855 650 2913 cili
664 2859 698 2913 ad
717 2858 932 2918 consiliandum

240 2932 408 3019 legatione,
422 2934 756 3020 vehementerexspeiio
772 2959 782 3000 t
797 2937 931 3004 estenim
