2125 3784
342 411 394 455 nr
415 393 725 457 conuictum.
820 414 878 478 3¹9

182 494 292 555 rentii,
310 495 380 547 duxit
395 512 497 547 uxorem
511 511 520 555 ς
538 507 564 546 at
579 513 633 547 cum
649 516 679 549 ea
696 516 753 550 mox
773 501 832 552 iecit
844 503 879 552 di·

183 572 318 630 eonium,
338 566 404 637 qudd
422 569 471 621 visa
490 570 550 621 ellet
567 571 642 621 letati
655 586 734 624 morte
750 574 851 626 Tulliae.

223 644 291 696 Ibid.
316 657 342 710 3.
366 645 422 694 Cum
444 641 555 695 Publilio
578 643 655 712 loqui.
679 647 727 697 Alii
750 646 854 698 locutam
865 665 877 707 3

184 736 239 781 eam
260 717 309 769 ἂι.
329 716 401 786 Regii
417 717 518 768 codices
534 716 678 785 loqueretur.
695 720 780 773 Bosius
790 738 822 772 ex
835 722 877 772 de·

186 804 288 847 curtato
305 790 373 841 dedit
385 825 393 850 ,
403 808 454 842 cum
463 789 573 842 Publilio
587 792 655 862 ioqui
666 808 748 852 retur,
762 796 789 847 δι
801 797 879 846 verba

186 865 294 921 includit
309 864 458 932 parenthesi.

224 939 289 992 lbid.
310 937 353 990 16.
378 936 414 989 Ut
437 956 480 1009 ego
496 938 598 990 nolim.
619 938 715 993 Invitus
740 939 802 993 enim
821 941 878 993 hinc

189 1013 330 1070 discedam,
344 1029 398 1080 quae
416 1030 463 1063 una
480 1011 512 1074 est
528 1011 626 1065 nuntio.

226 1104 285 1153 77,
304 1098 350 1153 23.
372 1085 444 1155 Lege.
461 1085 526 1139 iulii
543 1086 574 1138 de
593 1086 689 1154 sumptu
709 1087 822 1140 funerum
836 1087 880 1138 mi·

188 1160 300 1215 nuendo.
523 1217 526 1221 ⁷

225 1232 292 1285 lhid.
307 1230 353 1285 26.
366 1231 427 1284 Sine
441 1231 556 1293 tatione,
571 1233 674 1285 temeri.

228 1306 285 1372 78,
304 1321 347 1359 ιο.
364 1305 589 1357 consecrationem.

229 1380 284 1440 80,
307 1394 332 1430 1.
352 1379 382 1429 Si
400 1397 454 1447 ergo
470 1380 538 1428 aliud
555 1379 621 1435 erit,
636 1396 684 1430 uon
701 1396 753 1431 mea
768 1378 814 1429 erit
830 1376 880 1429 cui-

185 1471 242 1523 μ,
255 1452 306 1504 uisi
319 1470 405 1503 emero.
415 1454 441 1504 Si
456 1452 552 1519 quidem
562 1468 643 1502 emere
656 1453 748 1520 cupio,
766 1453 805 1503 sed
815 1466 856 1503 tua
869 1485 879 1509 ‚

188 1525 233 1595 qui
250 1543 301 1577 non
317 1543 388 1578 cutes
406 1526 538 1583 invenire,
555 1526 618 1590 quod
634 1542 717 1576 emere
732 1525 824 1592 poffim.
843 1527 881 1576 lta

191 1598 330 1653 Corradus.
347 1599 413 1651 Ftid.
436 1598 518 1655 Gron.
534 1597 614 1664 legit,
631 1598 652 1648 si
669 1616 723 1668 ergo
739 1599 806 1648 aliud
820 1597 881 1648 tilii

189 1673 255 1731 erit,
272 1674 390 1725 &lotum
406 1671 531 1723 concludit
548 1671 751 1737 interrogatione.
768 1672 881 1723 Graevius

188 1758 275 1799 eutem
293 1745 411 1797 exiliimat
434 1744 589 1812 negationem
612 1743 724 1794 excidisse
745 1743 787 1794 suo
806 1746 882 1803 loco,

188 1818 360 1887 reponitque,
376 1819 398 1869 ti
415 1835 470 1888 ergo
488 1816 556 1866 aliud
564 1833 613 1866 non
628 1817 674 1866 erit
687 1849 696 1876 ,
711 1833 762 1866 mea
776 1817 821 1866 erit
834 1817 884 1867 cui·

189 1912 246 1963 pa,
264 1892 312 1943 uisi
328 1909 414 1943 emero.

230 1966 297 2020 lbid.
318 1980 360 2030 19.
379 1965 419 2015 Ad
437 1961 656 2015 consecrationem.

231 2041 289 2100 81,
316 2054 361 2091 20.
381 2037 440 2110 Qua
455 2036 555 2088 maximi
572 2035 680 2087 liberulis
698 2055 754 2087 uua.
772 2037 810 2088 lte
828 2034 884 2090 Jat.

197 2112 340 2167 Gronovius
356 2129 402 2179 pro
418 2114 517 2180 vulgato
531 2145 538 2171 ,
558 2129 606 2178 qua
621 2109 721 2161 maximi
742 2109 884 2161 liberalissi-

197 2203 259 2239 ma:
281 2205 335 2252 quae
358 2187 454 2252 quidem
477 2186 571 2236 locutio
597 2186 719 2236 nonnullis
745 2185 885 2237 defenditur

200 2262 333 2329 exemplis,
352 2260 393 2310 sed
409 2278 457 2311 non
472 2258 601 2310 Tullianis.

235 2335 289 2396 82,
308 2347 333 2399 3.
352 2332 515 2383 Publicianus.
533 2332 585 2395 Qui
601 2331 675 2381 fuerit
691 2329 792 2381 Publicii
807 2330 885 2398 cujus·

162 2456 164 2461 .
202 2407 271 2466 dem,
290 2409 419 2473 a'ntequam
437 2406 564 2456 deveniret
585 2404 615 2452 ad
632 2403 783 2454 Trebonium
797 2405 822 2454 δι
836 2406 887 2456 Cu·

202 2481 293 2531 sirium.
314 2481 350 2530 lta
369 2480 456 2531 Bosius
477 2496 509 2528 ex
529 2477 623 2527 duobus
640 2476 690 2526 mli.
710 2477 759 2526 Alii
774 2478 887 2544 publica·

202 2572 240 2605 uus
255 2566 298 2605 aut
307 2552 461 2622 publicatus,
481 2550 549 2602 sensu
567 2566 681 2615 perquam
702 2550 815 2602 obscuro.

235 2628 298 2679 lbid.
325 2643 366 2678 ιι.
391 2628 472 2697 Cyrus
494 2643 526 2676 ex
547 2638 634 2692 quarto
660 2625 686 2675 δι
712 2627 797 2692 quinto
816 2636 887 2676 tomo

202 2700 359 2753 Antisthenis.

162 2822 169 2847 Ι
236 2775 291 2839 83,
315 2790 356 2836 15·
378 2774 498 2842 Scriptum
513 2772 613 2840 aliquod
632 2771 726 2822 consilii
744 2771 842 2836 plenum
861 2765 888 2818 δι

199 2848 230 2899 td
239 2848 439 2898 deliberationem
448 2861 539 2914 aptum.
557 2862 600 2911 17.
614 2843 749 2896 Aristotelis
765 2844 790 2894 &
804 2841 890 2893 Theo·

164 2948 171 2957 ·
199 2923 280 2991 pompi
300 2921 375 2972 libros
392 2923 422 2971 ad
440 2920 616 2971 Alexandrum.

238 2995 272 3058 84
284 3027 292 3055 ,
314 3011 337 3059 5.
349 2996 421 3046 Nunc
431 2992 514 3062 ipsum.
532 2994 589 3046 Hoc
599 2991 651 3058 ipso
662 2988 778 3114 tgmporis
789 2987 888 3056 puniio.

716 3078 739 3111 tr
