2125 3784
254 365 324 438 266
436 364 746 433 Errsrorn

250 483 340 568 lege,
356 481 389 543 &
403 477 646 542 senatusconsulto
660 475 803 541 statuendi
815 478 933 623 poteslas
950 510 952 515 ·

153 602 160 613 ·
251 584 314 628 tem
338 564 501 636 haberent,
527 562 579 622 des
602 582 750 643 operam,
768 580 802 623 ut
843 563 932 627 lautus

248 646 345 710 noller
363 645 578 727 quamprimum
590 642 746 705 confirmet
757 644 790 704 δι
802 665 937 728 compro·-

250 728 311 791 bet.
329 727 396 788 Hoc
417 744 447 787 te
468 726 681 801 vehementer,
701 726 743 786 mi
763 722 932 810 Cupienni,

250 812 340 872 etiam
360 828 447 890 arque
467 811 556 869 etiam
576 828 663 890 rogo.

312 927 446 990 Cremo
464 927 600 993 Princo
620 929 734 991 Pam.
753 923 833 989 Das.
853 924 884 991 S.

251 1023 452 1119 Ionoscn
471 1051 565 1122 mihi,
585 1050 666 1132 qubd
683 1069 774 1132 quum
794 1067 879 1109 antea
893 1067 935 1109 ac·

251 1133 430 1198 curatissime
447 1132 483 1193 de
500 1129 660 1194 Buthrotiis
674 1131 711 1191 ad
723 1128 933 1212 rescripserim,

253 1215 361 1278 eadem
377 1214 414 1274 de
432 1213 580 1295 re'saepius
597 1213 728 1275 scribam.
744 1209 816 1272 Non
831 1212 934 1273 meher·

253 1297 320 1358 cule
332 1341 342 1369 ,
353 1298 393 1356 mi
406 1294 534 1366 Plance,
551 1295 628 1356 facio
642 1340 651 1367 ,
668 1295 729 1377 qub
749 1313 854 1373 parum
870 1313 934 1355 con·

251 1376 341 1440 fidam
354 1396 401 1435 aur
414 1375 578 1438 liberalitati
590 1395 646 1437 tuae
661 1421 670 1450 ,
689 1391 739 1436 aut
751 1373 855 1435 nostrae
868 1376 936 1435 anri·

251 1459 350 1530 citiae3
371 1456 421 1517 sed
448 1477 539 1539 quum
564 1475 709 1518 tantares
732 1475 834 1551 agatur
852 1454 936 1517 Attici

251 1537 344 1602 nostri
361 1582 372 1612 ,
389 1560 465 1599 nunc
485 1541 560 1599 verb
580 1542 668 1600 etiarn
688 1537 862 1599 exishmatio
880 1582 891 1609 ,
909 1548 937 1599 ut

252 1621 286 1682 id
302 1620 407 1701 ,quod
424 1620 561 1702 probavit
576 1618 695 1694 Caesar,
717 1620 805 1680 nobis
829 1616 937 1680 testibus

254 1703 290 1765 ὃ(
307 1703 559 1786 obsignatoribus,
577 1704 626 1783 qui
644 1703 676 1762 &
696 1700 823 1761 decretis
844 1700 877 1760 δι
894 1718 938 1763 re·

255 1784 369 1868 sponsis
397 1783 517 1846 Caesaris
546 1781 792 1856 interfueramus,
810 1782 939 1843 videatur

166 1883 168 1887 ’
254 1868 389 1928 obtinere
409 1863 555 1947 potuisse,
577 1864 735 1946 praeserrim
761 1883 854 1944 quum
883 1879 941 1925 ton

255 1944 382 2028 potestas
401 1945 463 2021 eius
481 1949 523 2006 rei
539 1963 588 2006 tua
599 1947 635 2006 sit
647 1991 656 2019 ‚
668 1961 700 2004 ut
718 1965 773 2017 ea,
792 1966 858 2026 quae
872 1966 940 2006 con·

255 2027 330 2087 sules
348 2027 542 2087 decreverunt
556 2072 566 2101 ,
584 2026 742 2087 secundum
754 2022 878 2087 Caesaris
892 2026 942 2087 de·

254 2124 336 2168 treta
352 2107 384 2166 &
399 2106 552 2187 responsa,
568 2129 629 2168 non
642 2109 737 2167 dicam
748 2106 941 2187 comprobes,

254 2187 306 2248 sed
332 2185 455 2248 studiose
479 2188 662 2271 libenterque
689 2189 893 2269 comprobes:
912 2187 942 2250 id

255 2268 329 2330 mihi
346 2269 386 2327 sic
404 2270 459 2330 erit
478 2288 614 2353 gratum,
634 2270 757 2330 utnulla
775 2290 822 2330 res
836 2271 942 2352 gratior

256 2348 314 2412 elle
330 2354 432 2431 possit.
449 2349 510 2413 Etsi
526 2348 583 2430 jam
600 2350 770 2431 sperabam,
790 2372 883 2433 quum
894 2351 942 2411 has

254 2431 364 2493 litteras
385 2431 538 2514 accepisses
553 2477 564 2507 ‚
584 2430 648 2493 sore
664 2478 673 2505 ‚
693 2450 723 2490 ut
739 2452 773 2492 ea
788 2477 799 2505 ,
817 2454 883 2514 quae
899 2432 944 2493 su·

254 2515 417 2597 perioribus
436 2517 536 2575 litteris
554 2537 570 2573 a
587 2534 616 2575 re
636 2510 832 2593 petiillemus‚
848 2516 945 2595 impe·

254 2611 329 2656 trata
345 2592 458 2668 ellent3
479 2614 575 2655 tamen
593 2617 653 2654 non
672 2592 775 2654 faciam
792 2593 885 2655 finem
898 2616 945 2656 ro·

255 2676 371 2758 gandi,
393 2675 491 2756 quoad
518 2676 602 2735 nobis
621 2678 782 2736 nuntiatum
805 2680 860 2736 erit
883 2721 893 2749 ,
914 2694 945 2736 te

252 2755 284 2816 id
304 2754 426 2830 fecisle3
448 2756 527 2837 quod
550 2776 738 2839 magnacum
757 2756 808 2838 spe
821 2755 947 2836 exspec-

245 2849 367 2913 tamus:
382 2838 487 2900 deinde
502 2840 580 2900 enirn
593 2837 712 2900 confido
731 2837 822 2913 sore,
841 2854 872 2899 ut
884 2836 946 2899 alio

252 2932 363 2992 genere
381 2921 541 2986 litterarum
551 2941 665 2985 utamur
674 2940 686 2998 3
701 2921 815 3005 tibique
826 2941 881 3003 pro
891 2937 947 2982 tuo

127 3164 268 3410 Ti
