2125 3784
237 384 301 447 'au
316 378 524 449 Arrzcusr
537 377 624 450 Lru.
639 380 723 452 XV.
759 404 826 479 209

134 492 200 579 pl,
220 493 306 555 adse
331 512 430 555 tamen
450 494 524 555 clam
543 513 721 571 venturum,
738 496 831 559 scitu-

133 595 262 659 rumque
281 594 330 637 me
353 577 475 649 omnia;
496 597 561 657 quae
577 597 633 659 ego
654 575 758 639 statim.
774 578 829 639 ln·

136 676 217 721 terea
234 672 332 719 narrat
349 657 454 717 eadem
471 654 553 718 Bassi
573 658 686 719 servum
698 658 830 735 venisse,

135 742 183 823 qui
206 741 384 809 nuntiaret,
409 738 539 819 legiones
566 740 776 803 Alexandrinas
796 742 829 801 in

136 823 222 883 armis
244 818 304 881 esse
316 864 327 892 ,
341 816 455 879 Bassum
474 821 579 881 arcessi
594 866 604 894 ,
627 820 761 883 Cassium
775 841 829 883 ex·

133 900 265 983 spadari.
288 898 374 979 Quid
393 900 517 981 queris?
537 901 654 962 videtur
668 902 828 984 respublica

135 980 180 1061 jus
199 982 284 1045 suum
302 998 503 1062 recuperatura
518 1027 528 1055 ,
545 982 594 1045 sed
607 984 726 1063 nequid
741 986 826 1045 ante:

134 1062 212 1125 nosti
229 1064 335 1133 borum
352 1064 591 1124 exercitationem
609 1066 640 1124 in
656 1067 827 1140 latrocinio,

135 1144 168 1205 δι
183 1146 353 1205 amentiam.
363 1142 523 1204 Dolabella
534 1146 579 1205 vir
596 1148 743 1226 optimus:
756 1148 828 1219 etsi,

137 1246 234 1307 quum
248 1224 403 1285 scribebam
418 1270 428 1299 ,
449 1224 575 1286 secundal
589 1229 691 1287 mensi
712 1231 830 1307 apposi-

138 1308 195 1379 τὲ,
214 1303 319 1367 venisse
335 1326 404 1366 eum
423 1306 460 1366 ad
480 1306 563 1366 Baias
583 1308 735 1368 audiebam
751 1328 761 1381 ;
784 1324 828 1367 ta-

136 1406 208 1449 men
229 1387 266 1447 ad
286 1405 335 1447 me
355 1408 392 1449 ex
414 1387 572 1448 Formiano
591 1388 641 1448 scri
665 1390 701 1449 sit
721 1388 734 1471 (
754 1410 825 1469 quas
871 1463 873 1466 .

134 1469 273 1543 litteras,
293 1488 384 1551 quum
401 1488 418 1528 e
440 1469 557 1530 balineo
576 1411 726 1545 exiillem,
744 1490 827 1530 acce-

155 1548 199 1647 i)
230 1548 290 1611 sese
317 1549 355 1611 de
378 1550 566 1611 attributione
593 1555 693 1612 omnia
717 1549 827 1611 summa

132 1570 256 1693 leuss'e:
278 1628 442 1693 Venenum
460 1631 571 1691 accusat
592 1654 599 1691 t
617 1635 734 1693 tricatur
750 1631 828 1691 scili·

134 1730 212 1786 cet,
233 1728 266 1773 ut
282 1710 374 1771 homo
391 1713 454 1771 talis
473 1732 481 1769 ι
500 1711 549 1771 sed
567 1714 606 1771 ait
625 1731 720 1772 totum
733 1731 827 1791 nego·

134 1796 208 1855 tium
219 1791 352 1853 Sextium
364 1790 491 1863 nostrum
503 1791 651 1870 suscepille
661 1838 673 1864 ,
682 1794 827 1871 optimum

131 1874 256 1955 quidem
268 1872 352 1933 illum
367 1874 485 1947 virum,
502 1870 645 1952 nostrique
667 1874 828 1932 amantissi-

133 1976 217 2017 mum
235 1974 244 2015 t
263 1975 365 2038 quaero
386 1972 482 2017 autem
496 2001 507 2031 2
523 1954 593 2039 quid
613 1955 731 2016 tandem
748 1952 826 2014 Sex·

133 2038 189 2097 tius
207 2037 239 2097 iu
265 2036 323 2096 hac
347 2055 378 2096 re
402 2035 497 2098 facere
523 2036 641 2118 possit,
661 2035 742 2118 quod
764 2056 824 2095 non

134 2120 230 2201 quivis
247 2114 402 2178 nostrilm?
422 2115 480 2178 Sed
498 2119 522 2178 si
536 2117 605 2198 quid
625 2136 730 2198 ptaeter
743 2115 824 2196 spem

131 2202 211 2274 erit,
226 2196 316 2260 facies
326 2216 359 2259 ut
370 2196 473 2259 sciam:
485 2199 529 2259 sin
546 2197 610 2273 est,
630 2216 662 2261 ut
680 2198 825 2272 arbitror,

132 2281 286 2365 negotium
297 2278 443 2360 perditum
456 2324 465 2353 ,
477 2278 582 2341 scribes
594 2298 692 2341 tamen
704 2325 713 2354 ,
725 2297 823 2359 neque

130 2360 185 2423 ista
195 2381 241 2422 res
251 2362 464 2421 commovebit.
475 2359 538 2421 Nos
550 2361 596 2420 hic
607 2358 823 2436 panorapsurla:

131 2443 206 2525 quid
224 2443 302 2503 enim
319 2440 421 2501 aliud?
440 2440 471 2504 ἃ
488 2441 524 2503 rit
540 2439 598 2519 tergi
617 2445 650 2502 τῦ
665 2441 824 2509 massueti&

131 2520 289 2604 magnifice
304 2523 505 2604 explicamus,
521 2521 762 2599 agorouripquue
773 2516 824 2579 Ci-

133 2604 263 2661 ceroni:
287 2623 345 2684 qua
364 2603 400 2664 de
421 2623 452 2664 te
473 2602 552 2662 enim
570 2600 666 2680 potibs
687 2616 769 2680 pater
787 2596 824 2658 fi-

128 2681 208 2745 lio?
231 2682 334 2747 deinde
357 2685 421 2745 alia.
446 2683 530 2763 Quid
551 2682 652 2763 quaeris
670 2680 681 2741 ἓ
702 2676 823 2742 exstabit

129 2782 228 2845 opera
238 2766 475 2848 peregrinationis
485 2760 581 2842 hujus
589 2763 756 2823 Varronem
769 2760 824 2819 ho-

129 2846 180 2905 die
201 2886 213 2919 ,
234 2863 284 2909 aut
305 2868 368 2907 ctas
391 2865 548 2909 venturum
574 2845 739 2927 putabant:
763 2859 822 2919 ego

132 2944 232 2989 autem
249 2929 281 2991 in
297 2927 509 3010 Pompeianum
525 2925 742 3010 properabam
761 2940 824 2985 nou
