2125 3784
167 352 232 405 Au
249 335 455 404 Arrrcun
473 336 560 406 Lru.
572 336 675 407 XVI.
705 357 770 435 245

177 449 326 511 -Heletem
344 451 466 511 fluvium
483 452 551 511 citra
568 451 687 512 Veliam
702 453 775 512 mii-

167 528 275 591 affuum
293 549 359 591 111.
384 530 508 592 Pedibus
537 531 575 593 ad
600 552 647 594 me
668 530 775 593 statim.

167 612 357 685 mmortales,
379 612 466 692 quim
485 613 571 675 valde
589 613 637 674 ille
657 613 773 686 reditu,

167 694 251 753 rotibs
269 694 526 769 reversioneumed
544 694 678 756 laetatus?
695 692 773 754 effu·

168 774 198 833 la
209 776 310 834 omnia
323 819 333 847 ,
349 795 412 855 quae
426 791 557 835 tacuerat
569 796 578 849 ;
591 791 623 835 ut
638 774 774 835 recorda·

167 854 228 915 ilud
250 873 353 930 tuum,
373 878 437 915 nam
461 858 567 917 Brutus
589 859 673 928 noller
698 857 774 917 siler.

167 936 222 995 ime
248 953 344 996 autem
368 935 510 1008 dolebat,
534 955 583 996 me
607 934 673 995 Kal.
694 934 775 997 Sext.

167 1034 236 1076 natu
252 1038 313 1076 non
332 1014 412 1076 fuiffe
437 1037 444 1074 :
467 1015 601 1076 Pisonem
619 1016 732 1076 ferebat
744 1020 775 1077 in

167 1116 222 1169 .m;
237 1095 266 1157 se
277 1113 376 1157 autem
392 1096 503 1170 laetari,
520 1097 600 1176 qubd
617 1095 776 1179 effugissem

200 1179 337 1238 maximas
371 1178 627 1258 vituperationes:
657 1198 777 1251 unam,

167 1276 184 1315 u
208 1258 309 1319 itinere
340 1254 475 1320 faciendo
504 1278 553 1318 me
577 1258 777 1340 intelligebam

167 1356 264 1418 pere,
294 1336 531 1418 desperationis,
563 1359 597 1398 ac
622 1338 777 1399 reliffionis

167 1416 293 1499 blica(
318 1420 421 1481 flentes
450 1440 565 1481 mecum
585 1420 677 1501 vulgb
701 1440 777 1499 que-

167 1516 258 1572 ntur,
285 1500 388 1581 quibus
415 1500 451 1561 de
479 1521 547 1561 meo
573 1501 660 1560 celeri
683 1501 778 1562 reditu

172 1579 355 1661 probabam)
375 1581 491 1641 alteram
508 1627 516 1654 ,
533 1581 569 1639 de
586 1602 643 1662 qua
654 1579 779 1654 Brutus,

167 1661 199 1721 ui
217 1661 277 1721 unit
297 1677 378 1721 eraut
399 1660 512 1742 (multi
539 1678 637 1720 autem
663 1679 743 1720 erant
763 1660 779 1738 )

167 1760 287 1815 uantur,
303 1742 383 1823 qubd
395 1763 460 1802 eam
472 1743 718 1820 vituperationem
735 1739 782 1800 ef-

167 1818 248 1897 fem,
260 1842 309 1884 me
324 1822 477 1884 existimari
488 1822 525 1881 ad
545 1819 700 1902 Olympia.
712 1820 781 1882 Hoc

167 1942 169 1951 ·
184 1904 257 1965 nihil
275 1908 386 1985 turpius
403 1907 507 1987 quovis
524 1902 688 2068 reipgublicae
700 1919 781 1964 tem·

167 1984 249 2059 =;sed
265 1987 341 2060 hoc,
355 1988 553 2059 draxoadyain.
607 2008 624 2044 o
640 1987 718 2061 verb,
726 2005 783 2045 au-

167 2062 266 2149 gratias
283 2069 392 2139 miras,
408 2070 457 2147 qui
473 2087 519 2127 me
537 2089 554 2125 a
570 2085 649 2128 tanta
665 2064 782 2127 infamia

167 2150 242 2209 terit.
261 2146 448 2209 Reversionis
464 2148 514 2206 has
534 2147 672 2228 speciosas
685 2147 783 2210 causas

167 2248 188 2289 tr
207 2274 217 2301 ,
237 2226 323 2309 justas
348 2229 409 2287 illas
432 2229 571 2308 quidem,
590 2232 622 2288 δι
642 2249 783 2310 magnas3

167 2308 244 2369 nulla
259 2307 378 2387 justior,
395 2310 482 2389 quim
500 2308 579 2388 qubd
592 2328 623 2368 tu
633 2308 711 2368 idern
722 2311 783 2370 aliis

167 2391 226 2449 ris:
247 2392 389 2459 Provide,
411 2391 438 2446 si
457 2394 501 2447 cui
519 2391 592 2468 quod
610 2391 734 2463 debetur,
753 2410 784 2450 ut

180 2472 250 2531 unde
262 2493 316 2551 par
331 2472 396 2550 pari
423 2470 614 2550 respondeatur
635 2492 644 2529 :
668 2473 784 2551 mirifica

167 2569 171 2603 Ι
188 2549 333 2628 Ῐνσχμςία
353 2552 387 2630 est
400 2569 510 2632 propter
527 2571 622 2612 metum
640 2573 786 2612 armorum.

167 2626 231 2689 'reto
251 2632 349 2692 medio
371 2631 444 2689 hanc
464 2629 614 2711 epistolam
632 2632 686 2715 legi
706 2677 716 2706 ‚
733 2649 787 2704 ut,

167 2708 173 2767 Ι
194 2708 304 2788 poffem
329 2712 501 2791 providere,
519 2716 549 2772 in
568 2731 696 2772 mentem
714 2711 786 2769 mihi

179 2792 310 2864 veniret,
331 2795 385 2851 nisi
401 2810 432 2852 ut
449 2791 572 2873 praesens
593 2813 640 2852 me
661 2790 719 2869 ipse
735 2789 787 2849 de·

167 2870 263 2933 ierem.
277 2870 338 2934 Sed
354 2874 415 2937 haec
430 2873 563 2936 haetenus
582 2873 715 3012 :Ireiiqua
735 2891 788 2933 co·

637 2971 666 3031 ιι]
