2125 3784
323 364 377 408 rr
399 346 708 409 Connronmm.
809 364 863 432 μς

212 462 270 515 49,
287 446 314 499 6.
325 447 443 517 Hegesia.
461 448 511 513 Qui
528 448 559 499 de
576 461 628 499 arte
645 448 799 516 grammatica
815 485 822 511 ,
839 469 868 502 ac

173 522 244 577 sorte
265 522 296 574 de
316 523 459 572 accentibus
481 535 551 572 acuto
569 523 595 573 ὃ(
608 521 675 591 gravi
690 522 817 588 scripserat
836 542 868 575 eo

173 596 249 657 nilo,
267 595 386 664 quiesset
405 594 495 647 srastus
512 595 539 647 δι
558 597 626 646 velut
643 596 668 646 in
686 596 816 662 particulas
832 600 868 649 in·

174 670 252 723 cisus.

213 742 277 795 lbid.
298 756 343 805 14.
360 740 467 794 Omnem
485 742 651 810 popularem,
677 741 717 809 qui
741 742 793 795 scil.
811 745 869 794 vul·

174 817 242 887 geria
256 832 308 867 non
322 817 419 867 temnit.
442 832 484 880 15·
501 817 749 869 Commentationem.
765 832 806 882 19.
826 818 869 868 Ex

175 890 223 957 ista
239 904 313 941 acuta
328 889 352 939 ὃ·
366 889 456 957 gram,
478 890 529 940 scil.
546 890 752 941 commentatione
768 925 776 951 ,
793 890 869 957 refer·

176 978 219 1015 tto·
235 965 270 1014 ad
288 960 362 1013 finem
383 965 500 1014 bonorum
519 965 546 1015 bt
563 966 701 1024 malorum,
718 981 778 1030 quos
792 966 867 1016 libros

176 1050 237 1089 tunc
253 1038 279 1087 in
294 1037 402 1086 manibus
418 1037 523 1086 habebat
538 1035 639 1088 Cicero.

215 1110 279 1161 lbid.
298 1125 342 1160 22.
366 1108 416 1160 Pro
436 1111 479 1171 isto
497 1108 545 1175 uffo
562 1108 647 1175 sole...
666 1112 784 1162 Solebant
800 1124 870 1162 vete·

176 1198 245 1243 tes,
264 1182 362 1233 curandi
381 1184 492 1249 corporis
513 1185 602 1242 causi,
624 1185 647 1233 in
666 1185 716 1234 sole
734 1187 775 1235 vol
792 1186 868 1242 sicci,

177 1257 223 1307 vel
237 1256 329 1323 petsuti
340 1258 399 1306 oleo
411 1257 509 1311 sedete,
519 1271 561 1307 aut
576 1259 708 1307 ambulare.
722 1259 786 1307 Hinc
796 1278 868 1325 quum

179 1330 281 1381 Atticus
299 1329 423 1397 scripsisset
441 1330 465 1381 se
485 1329 533 1395 affo
551 1332 592 1380 seu
608 1331 675 1381 sicco
695 1332 745 1381 sole
764 1332 870 1383 Cicero·

177 1403 216 1455 nis
231 1401 353 1471 (dialogo
373 1421 459 1469 nempe
482 1405 513 1453 de
531 1405 602 1455 claris
620 1407 779 1463 oratoribus,
796 1424 869 1474 quem

176 1477 236 1529 vide
251 1494 278 1527 n.
294 1478 360 1544 24.)
379 1477 524 1527 delebatum
541 1477 588 1527 ess'e
602 1511 610 1536 ,
624 1479 721 1545 reponit
737 1480 827 1530 Cicero
843 1482 868 1531 se

178 1551 281 1619 probis
300 1551 347 1601 suis
367 1551 531 1619 vulgaribus,
551 1551 648 1600 nitidum
667 1550 742 1617 solem
765 1554 868 1602 undum·

180 1641 222 1693 que
236 1656 245 1683 ,
258 1625 288 1675 h.
301 1616 327 1674 ε’.
342 1625 439 1674 utiliora
455 1622 529 1691 longb
548 1624 572 1673 &
588 1626 748 1688 praestantiora
765 1628 871 1676 interro·

179 1698 263 1765 gando
277 1698 437 1765 repetiturum
448 1697 495 1747 ess'e
512 1699 541 1746 ab
554 1697 639 1747 Attico
653 1700 683 1746 ad
699 1699 771 1747 libros
784 1701 813 1747 tle
830 1701 847 1748 F
850 1699 871 1748 i·

178 1769 250 1821 nibus
270 1772 390 1822 bonorum
407 1772 432 1822 &
450 1772 577 1821 malorum.
595 1772 629 1819 lta
649 1771 729 1819 locum
747 1770 869 1821 difficilem

179 1842 237 1895 sanb
253 1844 405 1914 Mongaltius
421 1844 448 1895 &
464 1844 517 1911 post
538 1860 594 1894 eum
617 1843 731 1895 Olivetus
751 1846 870 1911 interpre-

179 1930 273 1969 tantur·

217 1990 281 2043 ibid.
301 2006 346 2055 ²7·
364 1992 475 2050 Chreme,
497 2007 617 2041 tantumne
637 1991 682 2040 Ge.
701 1990 737 2040 Ex
755 1991 868 2041 Terentii

178 2064 487 2117 Heautontimoroumeno·
507 2067 643 2116 Oratorem.
663 2065 779 2123 librum,
797 2084 869 2132 quem

179 2138 213 2191 de
232 2138 343 2206 perseslo
363 2150 461 2188 oratore
479 2140 544 2188 misit
560 2139 590 2187 ad
607 2140 716 2188 Brutum.

220 2226 277 2275 50,
293 2227 322 2276 4.
337 2212 452 2279 Elegans.
468 2227 494 2274 7.
511 2212 596 2262 Morbi
609 2212 740 2278 popularis.

220 2300 252 2349 51
273 2319 282 2343 .
305 2300 329 2335 1.
346 2285 402 2335 Hoc
419 2301 532 2351 tempore.
550 2286 652 2335 Dimissi
669 2284 804 2345 Terentii,
823 2285 868 2336 ci-

178 2375 242 2413 teto
256 2360 288 2409 de
301 2359 348 2409 alia
364 2376 442 2409 uxore
458 2358 569 2408 ducenda
586 2358 718 2425 cogitabat.

217 2431 282 2485 lbid.
299 2448 326 2497 7.
344 2432 400 2482 Um
415 2431 518 2482 afficior.

221 2520 280 2569 52,
305 2520 348 2571 19.
369 2504 425 2554 Hac
437 2502 580 2571 solitudine.
599 2501 665 2555 Villi
684 2501 724 2552 sui
743 2502 868 2567 Cumani,

177 2576 233 2651 qub
253 2580 398 2646 confugerat
415 2578 467 2645 poll
487 2590 589 2628 mortem
609 2576 706 2627 Tulliae.

219 2651 282 2703 lbid.
298 2653 343 2704 28.
360 2653 469 2719 Amynta
478 2652 556 2720 filius.
568 2650 706 2717 Philippus,
719 2652 749 2701 de
765 2670 814 2718 quo
829 2672 870 2720 ep.

176 2726 310 2793 superiori.
332 2725 397 2777 lbid.
423 2725 447 2776 0
467 2724 583 2776 infinitam
602 2725 628 2777 δι
647 2725 768 2775 insuavem
785 2728 873 2793 loqua-

177 2798 300 2853 citatem!
600 2819 604 2826 ·

222 2886 276 2939 53,
296 2871 324 2924 6.
350 2872 394 2925 De
411 2875 475 2923 dote.
492 2870 574 2936 Quam
590 2868 635 2922 sibi
652 2886 665 2918 a
682 2870 814 2920 Dolabella
830 2889 885 2924 re·.

180 2942 245 2999 stimi
254 2948 358 3002 nolebat
367 2964 411 3017 pet
421 2948 624 3017 delegationema
635 2942 722 3068 Bnlbp).
733 2943 803 3028 lianc
814 2962 873 2999 con·
920 2980 923 2989 ·

742 3032 759 3083 ¹]
