2125 3784
269 390 330 462 350
509 373 712 434 Iuorx

266 479 357 529 alieno.
373 471 426 527 Att.
440 471 456 526 6
468 507 477 534 ,
496 489 520 527 1.
537 494 586 544 pre
600 493 644 527 aere
656 478 774 533 vendere,
785 473 814 525 h.
832 490 857 527 e.
877 472 947 541 inquit

266 551 371 610 Bosius,
389 567 438 615 prae
453 549 561 609 divitiis,
576 550 642 616 quasi
658 550 686 599 iis
698 550 732 598 ita
748 549 869 600 Lentulus
885 550 947 599 efflu-

266 626 349 681 xerit,
365 634 393 673 ut
408 622 505 673 coaetus
521 625 552 673 sit
569 624 677 673 vendere
691 622 877 681 Tusculanum,
889 622 946 688 quod

263 693 339 772 „gb
351 691 508 773 venheim
522 696 613 747 Cicero
630 694 734 761 subjecit
752 711 761 744 .·
782 712 839 745 nam
854 697 946 746 divitum

267 775 301 826 est
317 775 399 841 potiris
415 777 505 841 praedia
523 786 629 827 emere,
649 772 720 836 quim
738 769 859 820 vendere.
877 771 944 824 Vere.

269 863 282 911 5
299 881 307 906 ‚
322 863 364 914 13.
376 866 423 898 aera
437 863 516 898 mem
530 848 656 910 eleganter
669 843 786 894 dicuntur
799 842 896 895 crimina
907 859 944 895 re·

266 933 320 973 tera
337 957 345 980 ,
366 938 469 988 qnorum
484 936 557 986 poena
571 917 678 965 nondum
696 917 822 984 persoluta
838 916 879 967 est.

270 1029 273 1032 -
301 994 499 1046 AEsrimrniu
507 989 657 1051 ‚estimatio
665 989 710 1041 His
722 990 805 1042 verbis
815 987 902 1040 Cicero
909 987 943 1039 in·

266 1078 417 1135 terpretatur
437 1067 576 1118 Stoicorum
594 1060 668 1129 ἀξίην
690 1081 765 1130 quum
786 1063 892 1113 dicerent
905 1063 942 1112 su·

267 1141 315 1190 lam
334 1143 430 1209 quidem
451 1142 567 1191 virtutem
584 1140 631 1190 effe
650 1141 767 1195 bonum,
790 1136 832 1186 sed
849 1135 891 1186 effe
906 1146 941 1184 tr·

267 1231 324 1265 men
343 1229 461 1282 praterea
477 1231 516 1265 res
532 1210 789 1279 aestimationedignas
809 1192 883 1275 aliqub
895 1240 903 1263 ,
916 1218 939 1256 nt

267 1302 467 1354 praeponerentur
477 1288 548 1344 aliis,
565 1287 592 1336 b(
606 1287 778 1344 sumerentur,
794 1295 822 1333 ut
836 1284 940 1333 bonum·

267 1362 370 1420 letudo,
387 1361 497 1418 divitie,
512 1360 621 1410 honores
639 1359 689 1410 &n

301 1431 497 1484 AESTIMATIO.
513 1434 590 1485 Verr.
603 1446 634 1498 3,
647 1447 693 1495 92.
703 1423 939 1491 remissionfiim'·

260 1502 383 1571 frumenti.
396 1503 530 1556 AEstimario
545 1506 658 1557 frumenti
677 1504 789 1561 dicitur,
809 1516 942 1570 quampra-

266 1592 334 1628 tores
350 1612 358 1636 ,
377 1579 451 1648 legati
462 1578 617 1645 ,'quaessores
631 1595 677 1645 pro
691 1579 839 1636 frumento,
854 1572 942 1642 quodin

267 1667 352 1702 eorum
369 1654 454 1704 cellam
472 1652 603 1718 imperatur
619 1685 627 1710 ,
643 1651 774 1719 pecuniam
789 1646 943 1717 accipiuntrb

267 1724 432 1783 aratoribus',
453 1727 478 1776 δι
496 1726 591 1792 quidem
612 1739 728 1781 tantam,
751 1737 780 1774 ut
794 1723 854 1789 ipsis
872 1721 943 1773 uriliu

266 1798 298 1850 sit
317 1800 443 1866 pecuniam
458 1798 737 1865 accepisse,aratoribus
756 1795 858 1847 dediffe.
878 1794 944 1845 *Or-

269 1886 307 1930 1,
332 1888 374 1937 54.
398 1874 519 1935 estimatio
543 1889 615 1940 paenae
635 1883 711 1928 erat,
735 1888 811 1938 quum
834 1886 868 1919 ex
885 1882 945 1918 more

264 1943 426 2003 Atheniensi,
445 1948 579 1996 damnatum
601 1962 667 1995 reum
696 1944 793 2011 judices
815 1943 946 2009 interrog·-

264 2017 323 2067 bant
340 2035 410 2083 quam
426 2019 493 2084 quasi
510 2036 605 2084 poenam
624 2017 790 2068 commeruisse
809 2017 835 2067 se
850 2013 945 2066 confite·

264 2103 342 2141 retur.
368 2092 465 2141 *Fam
484 2108 521 2153 5,
542 2109 585 2141 20.
605 2092 630 2142 ὅ(
651 2105 679 2156 13
701 2125 709 2151 ,
733 2091 760 2140 8.
780 2089 947 2153 estimationem

263 2164 390 2229 accipere,
410 2177 452 2212 aut
476 2165 500 2213 r'n
523 2164 704 2226 aestimationem.
726 2164 790 2214 Haec
812 2161 951 2228 accipienda

262 2233 317 2285 sunt
335 2236 366 2285 de
385 2237 499 2294 ratione,
516 2237 563 2302 qua
580 2238 661 2290 Julius
680 2237 762 2288 Caesar
778 2253 812 2288 aes
829 2237 950 2291 alienum,

264 2324 314 2375 quo
331 2308 455 2360 laborabat
474 2311 579 2368 civitas,
599 2311 691 2362 dissolvi
706 2310 797 2377 jussit,
818 2309 890 2376 eujus
900 2309 951 2357 baee

263 2381 300 2431 vis
316 2397 387 2443 erat,
403 2397 430 2434 ut
448 2385 573 2435 debitores
589 2385 675 2435 darent
688 2383 854 2435 creditoribus
872 2383 897 2432 in
915 2380 953 2431 so'·

262 2454 339 2505 lutum
362 2459 475 2522 predia,
498 2476 547 2508 non
569 2475 600 2508 eo
623 2457 720 2523 pretio,
741 2461 791 2522 quo
812 2466 952 2505 tumerent

261 2528 315 2592 post
335 2531 405 2581 civile
423 2533 535 2590 bellum,
555 2531 671 2590 sedeo,
693 2530 760 2598 quod
781 2541 841 2580 ante
862 2528 953 2579 bellum

260 2601 341 2652 fuerat
358 2619 365 2652 ε
387 2605 451 2654 unde
468 2604 591 2655 estimatio
609 2622 654 2669 pro
674 2603 766 2670 {astura
781 2602 816 2653 est
834 2603 901 2652 Fam.
913 2615 952 2665 9,

263 2674 305 2726 16.
325 2676 349 2725 ὅ(
361 2676 523 2738 aestbnariones
538 2694 582 2741 pro
599 2679 693 2742 praediis
708 2679 768 2728 loco
781 2676 894 2743 pecunie
905 2690 949 2723 rc-

261 2749 349 2817 ceptis.
370 2750 433 2801 lbid.
462 2750 684 2812 inanimatione
704 2767 760 2802 ruas
779 2750 946 2802 venderem

258 2838 337 2890 potes.
356 2824 450 2876 Confer
466 2825 495 2874 ad
515 2825 569 2874 Art.
590 2839 643 2885 12,
659 2841 704 2886 25.

300 2895 460 2950 Amc'rro.
471 2899 530 2947 niv.
544 2913 574 2955 2,
586 2913 632 2961 47.
645 2898 698 2949 coelr'
706 2897 803 2965 affeffio
814 2895 866 2955 est,
877 2909 953 2962 quam

261 2969 335 3036 vulgo
347 2972 554 3024 constellerionem
569 2987 695 3025 vocamus.
708 2976 723 3005 ’⁶
734 2973 802 3038 Top.
819 2971 865 3024 18.
877 2967 955 3036 affec*¹
